<!DOCTYPE html>
<meta charset="utf-8" />
<!-- version 1 -->
<title>[Gen 7] OU replay: ass grabbin vs. andy870930</title>
<style>
html,body {font-family:Verdana, sans-serif;font-size:10pt;margin:0;padding:0;}body{padding:12px 0;} .battle-log {font-family:Verdana, sans-serif;font-size:10pt;} .battle-log-inline {border:1px solid #AAAAAA;background:#EEF2F5;color:black;max-width:640px;margin:0 auto 80px;padding-bottom:5px;} .battle-log .inner {padding:4px 8px 0px 8px;} .battle-log .inner-preempt {padding:0 8px 4px 8px;} .battle-log .inner-after {margin-top:0.5em;} .battle-log h2 {margin:0.5em -8px;padding:4px 8px;border:1px solid #AAAAAA;background:#E0E7EA;border-left:0;border-right:0;font-family:Verdana, sans-serif;font-size:13pt;} .battle-log .chat {vertical-align:middle;padding:3px 0 3px 0;font-size:8pt;} .battle-log .chat strong {color:#40576A;} .battle-log .chat em {padding:1px 4px 1px 3px;color:#000000;font-style:normal;} .chat.mine {background:rgba(0,0,0,0.05);margin-left:-8px;margin-right:-8px;padding-left:8px;padding-right:8px;} .spoiler {color:#BBBBBB;background:#BBBBBB;padding:0px 3px;} .spoiler:hover, .spoiler:active, .spoiler-shown {color:#000000;background:#E2E2E2;padding:0px 3px;} .spoiler a {color:#BBBBBB;} .spoiler:hover a, .spoiler:active a, .spoiler-shown a {color:#2288CC;} .chat code, .chat .spoiler:hover code, .chat .spoiler:active code, .chat .spoiler-shown code {border:1px solid #C0C0C0;background:#EEEEEE;color:black;padding:0 2px;} .chat .spoiler code {border:1px solid #CCCCCC;background:#CCCCCC;color:#CCCCCC;} .battle-log .rated {padding:3px 4px;} .battle-log .rated strong {color:white;background:#89A;padding:1px 4px;border-radius:4px;} .spacer {margin-top:0.5em;} .message-announce {background:#6688AA;color:white;padding:1px 4px 2px;} .message-announce a, .broadcast-green a, .broadcast-blue a, .broadcast-red a {color:#DDEEFF;} .broadcast-green {background-color:#559955;color:white;padding:2px 4px;} .broadcast-blue {background-color:#6688AA;color:white;padding:2px 4px;} .infobox {border:1px solid #6688AA;padding:2px 4px;} .infobox-limited {max-height:200px;overflow:auto;overflow-x:hidden;} .broadcast-red {background-color:#AA5544;color:white;padding:2px 4px;} .message-learn-canlearn {font-weight:bold;color:#228822;text-decoration:underline;} .message-learn-cannotlearn {font-weight:bold;color:#CC2222;text-decoration:underline;} .message-effect-weak {font-weight:bold;color:#CC2222;} .message-effect-resist {font-weight:bold;color:#6688AA;} .message-effect-immune {font-weight:bold;color:#666666;} .message-learn-list {margin-top:0;margin-bottom:0;} .message-throttle-notice, .message-error {color:#992222;} .message-overflow, .chat small.message-overflow {font-size:0pt;} .message-overflow::before {font-size:9pt;content:'...';} .subtle {color:#3A4A66;}
</style>
<div class="wrapper replay-wrapper" style="max-width:1180px;margin:0 auto">
<input type="hidden" name="replayid" value="gen7ou-733135167" />
<div class="battle"></div><div class="battle-log"></div><div class="replay-controls"></div><div class="replay-controls-2"></div>
<h1 style="font-weight:normal;text-align:center"><strong>[Gen 7] OU</strong><br /><a href="http://pokemonshowdown.com/users/assgrabbin" class="subtle" target="_blank">ass grabbin</a> vs. <a href="http://pokemonshowdown.com/users/andy870930" class="subtle" target="_blank">andy870930</a></h1>
<script type="text/plain" class="battle-log-data">|j|☆ass grabbin


|j|☆andy870930



|player|p1|ass grabbin|70



|player|p2|andy870930|138
|teamsize|p1|6
|teamsize|p2|6
|gametype|singles
|gen|7
|tier|[Gen 7] OU
|rated|
|seed|
|rule|Sleep Clause Mod: Limit one foe put to sleep
|rule|Species Clause: Limit one of each Pokémon
|rule|OHKO Clause: OHKO moves are banned
|rule|Moody Clause: Moody is banned
|rule|Evasion Moves Clause: Evasion moves are banned
|rule|Endless Battle Clause: Forcing endless battles is banned
|rule|HP Percentage Mod: HP is shown in percentages
|clearpoke
|poke|p1|Zapdos|item
|poke|p1|Garchomp, M|item
|poke|p1|Greninja, M|item
|poke|p1|Nihilego|item
|poke|p1|Ferrothorn, F|item
|poke|p1|Scizor, M|item
|poke|p2|Serperior, F|item
|poke|p2|Azumarill, M|item
|poke|p2|Pelipper, M|item
|poke|p2|Tapu Koko|item
|poke|p2|Hawlucha, M|item
|poke|p2|Swampert, M|item
|teampreview


|inactive|Time left: 150 sec this turn | 220 sec total


|inactive|Battle timer is ON: inactive players will automatically lose when time's up. (requested by ass grabbin)



|
|start
|switch|p1a: R34 Lusamine|Nihilego|360\/360
|switch|p2a: Serperior|Serperior, F, shiny|100\/100
|turn|1


|inactive|Time left: 150 sec this turn | 230 sec total


|
|move|p1a: R34 Lusamine|Sludge Wave|p2a: Serperior
|-supereffective|p2a: Serperior
|-damage|p2a: Serperior|24\/100
|move|p2a: Serperior|Leaf Storm|p1a: R34 Lusamine
|-damage|p1a: R34 Lusamine|233\/360
|-boost|p2a: Serperior|spa|2
|
|upkeep
|turn|2


|inactive|Time left: 150 sec this turn | 230 sec total


|inactive|andy870930 has 135 seconds left.



|
|move|p1a: R34 Lusamine|Sludge Wave|p2a: Serperior
|-supereffective|p2a: Serperior
|-damage|p2a: Serperior|0 fnt
|faint|p2a: Serperior
|-ability|p1a: R34 Lusamine|Beast Boost|boost
|-boost|p1a: R34 Lusamine|spa|1
|
|upkeep


|inactive|Time left: 150 sec this turn | 235 sec total


|
|switch|p2a: Pelipper|Pelipper, M, shiny|100\/100
|-weather|RainDance|[from] ability: Drizzle|[of] p2a: Pelipper
|turn|3


|inactive|Time left: 150 sec this turn | 245 sec total

|html|<div class="infobox">Pok&eacute;mon Showdown! damage calculator. (Courtesy of Honko)<br \/>- <a href="https:\/\/pokemonshowdown.com\/damagecalc\/">Damage Calculator<\/a><\/div>


|inactive|ass grabbin has 135 seconds left.



|inactive|ass grabbin has 120 seconds left.



|
|switch|p1a: Zygarde sux|Garchomp, M|357\/357
|move|p2a: Pelipper|Surf|p1a: Zygarde sux
|-damage|p1a: Zygarde sux|194\/357
|
|-weather|RainDance|[upkeep]
|upkeep
|turn|4


|inactive|Time left: 150 sec this turn | 220 sec total


|
|switch|p2a: Azumarill|Azumarill, M, shiny|100\/100
|-zpower|p1a: Zygarde sux
|move|p1a: Zygarde sux|Devastating Drake|p2a: Azumarill|[zeffect]
|-immune|p2a: Azumarill|[msg]
|
|-weather|RainDance|[upkeep]
|upkeep
|turn|5


|inactive|Time left: 150 sec this turn | 225 sec total


|
|move|p1a: Zygarde sux|Earthquake|p2a: Azumarill
|-damage|p2a: Azumarill|46\/100
|-enditem|p2a: Azumarill|Sitrus Berry|[eat]
|-heal|p2a: Azumarill|71\/100|[from] item: Sitrus Berry
|move|p2a: Azumarill|Belly Drum|p2a: Azumarill
|-damage|p2a: Azumarill|21\/100
|-setboost|p2a: Azumarill|atk|6|[from] move: Belly Drum
|
|-weather|RainDance|[upkeep]
|upkeep
|turn|6


|inactive|Time left: 150 sec this turn | 235 sec total


|
|move|p2a: Azumarill|Aqua Jet|p1a: Zygarde sux
|-damage|p1a: Zygarde sux|0 fnt
|-damage|p2a: Azumarill|8\/100|[from] ability: Rough Skin|[of] p1a: Zygarde sux
|faint|p1a: Zygarde sux
|
|-weather|RainDance|[upkeep]
|upkeep


|inactive|Time left: 150 sec this turn | 240 sec total


|
|switch|p1a: Swords Dance|Scizor, M|344\/344
|turn|7


|inactive|Time left: 150 sec this turn | 245 sec total


|
|-mega|p1a: Swords Dance|Scizor|Scizorite
|detailschange|p1a: Swords Dance|Scizor-Mega, M
|move|p1a: Swords Dance|Bullet Punch|p2a: Azumarill
|-damage|p2a: Azumarill|0 fnt
|faint|p2a: Azumarill
|
|-weather|RainDance|[upkeep]
|upkeep


|inactive|Time left: 150 sec this turn | 255 sec total


|
|switch|p2a: Swampert|Swampert, M, shiny|100\/100
|turn|8


|inactive|Time left: 150 sec this turn | 265 sec total


|
|switch|p1a: Whips don't lie|Ferrothorn, F|352\/352
|-mega|p2a: Swampert|Swampert|Swampertite
|detailschange|p2a: Swampert|Swampert-Mega, M, shiny
|move|p2a: Swampert|Power-Up Punch|p1a: Whips don't lie
|-supereffective|p1a: Whips don't lie
|-damage|p1a: Whips don't lie|278\/352
|-damage|p2a: Swampert|88\/100|[from] ability: Iron Barbs|[of] p1a: Whips don't lie
|-boost|p2a: Swampert|atk|1
|
|-weather|RainDance|[upkeep]
|-heal|p1a: Whips don't lie|300\/352|[from] item: Leftovers
|upkeep
|turn|9


|inactive|Time left: 150 sec this turn | 275 sec total


|inactive|andy870930 has 135 seconds left.



|inactive|andy870930 has 120 seconds left.



|
|switch|p2a: Tapu Koko|Tapu Koko|100\/100
|-fieldstart|move: Electric Terrain|[from] ability: Electric Surge|[of] p2a: Tapu Koko
|move|p1a: Whips don't lie|Power Whip|p2a: Tapu Koko
|-damage|p2a: Tapu Koko|46\/100
|
|-weather|RainDance|[upkeep]
|-heal|p1a: Whips don't lie|322\/352|[from] item: Leftovers
|upkeep
|turn|10


|inactive|Time left: 150 sec this turn | 280 sec total


|
|move|p2a: Tapu Koko|Taunt|p1a: Whips don't lie
|-start|p1a: Whips don't lie|move: Taunt
|move|p1a: Whips don't lie|Power Whip|p2a: Tapu Koko
|-damage|p2a: Tapu Koko|0 fnt
|faint|p2a: Tapu Koko
|
|-weather|none
|-heal|p1a: Whips don't lie|344\/352|[from] item: Leftovers
|upkeep


|inactive|Time left: 150 sec this turn | 285 sec total


|
|switch|p2a: Hawlucha|Hawlucha, M|100\/100
|-enditem|p2a: Hawlucha|Electric Seed
|-boost|p2a: Hawlucha|def|1
|turn|11


|inactive|Time left: 150 sec this turn | 295 sec total


|
|switch|p1a: Bodak Yellow|Zapdos|383\/383
|move|p2a: Hawlucha|Swords Dance|p2a: Hawlucha
|-boost|p2a: Hawlucha|atk|2
|
|upkeep
|turn|12


|inactive|Time left: 150 sec this turn | 305 sec total


|
|move|p2a: Hawlucha|High Jump Kick|p1a: Bodak Yellow
|-resisted|p1a: Bodak Yellow
|-damage|p1a: Bodak Yellow|230\/383
|move|p1a: Bodak Yellow|Discharge|p2a: Hawlucha
|-supereffective|p2a: Hawlucha
|-damage|p2a: Hawlucha|9\/100
|-status|p2a: Hawlucha|par
|
|-heal|p1a: Bodak Yellow|253\/383|[from] item: Leftovers
|upkeep
|turn|13


|inactive|Time left: 150 sec this turn | 310 sec total


|
|move|p2a: Hawlucha|High Jump Kick|p1a: Bodak Yellow
|-resisted|p1a: Bodak Yellow
|-damage|p1a: Bodak Yellow|97\/383
|move|p1a: Bodak Yellow|Discharge|p2a: Hawlucha
|-supereffective|p2a: Hawlucha
|-damage|p2a: Hawlucha|0 fnt
|faint|p2a: Hawlucha
|
|-heal|p1a: Bodak Yellow|120\/383|[from] item: Leftovers
|-fieldend|move: Electric Terrain
|upkeep


|inactive|Time left: 150 sec this turn | 315 sec total


|
|switch|p2a: Pelipper|Pelipper, M, shiny|100\/100
|-weather|RainDance|[from] ability: Drizzle|[of] p2a: Pelipper
|turn|14


|inactive|Time left: 150 sec this turn | 325 sec total


|
|switch|p2a: Swampert|Swampert-Mega, M, shiny|88\/100
|move|p1a: Bodak Yellow|Roost|p1a: Bodak Yellow
|-heal|p1a: Bodak Yellow|312\/383
|
|-weather|RainDance|[upkeep]
|-heal|p1a: Bodak Yellow|335\/383|[from] item: Leftovers
|upkeep
|turn|15


|inactive|Time left: 150 sec this turn | 335 sec total


|
|switch|p1a: Whips don't lie|Ferrothorn, F|344\/352
|move|p2a: Swampert|Power-Up Punch|p1a: Whips don't lie
|-supereffective|p1a: Whips don't lie
|-damage|p1a: Whips don't lie|268\/352
|-damage|p2a: Swampert|76\/100|[from] ability: Iron Barbs|[of] p1a: Whips don't lie
|-boost|p2a: Swampert|atk|1
|
|-weather|RainDance|[upkeep]
|-heal|p1a: Whips don't lie|290\/352|[from] item: Leftovers
|upkeep
|turn|16


|inactive|Time left: 150 sec this turn | 345 sec total


|
|move|p2a: Swampert|Earthquake|p1a: Whips don't lie
|-damage|p1a: Whips don't lie|76\/352
|move|p1a: Whips don't lie|Power Whip|p2a: Swampert
|-supereffective|p2a: Swampert
|-damage|p2a: Swampert|0 fnt
|faint|p2a: Swampert
|
|-weather|RainDance|[upkeep]
|-heal|p1a: Whips don't lie|98\/352|[from] item: Leftovers
|upkeep


|inactive|Time left: 150 sec this turn | 350 sec total


|
|switch|p2a: Pelipper|Pelipper, M, shiny|100\/100
|turn|17


|inactive|Time left: 150 sec this turn | 360 sec total


|
|move|p2a: Pelipper|Hurricane|p1a: Whips don't lie
|-damage|p1a: Whips don't lie|0 fnt
|faint|p1a: Whips don't lie
|
|-weather|RainDance|[upkeep]
|upkeep


|inactive|Time left: 150 sec this turn | 370 sec total


|
|switch|p1a: R34 Lusamine|Nihilego|233\/360
|turn|18


|inactive|Time left: 150 sec this turn | 380 sec total


|
|move|p1a: R34 Lusamine|Thunderbolt|p2a: Pelipper
|-supereffective|p2a: Pelipper
|-damage|p2a: Pelipper|0 fnt
|faint|p2a: Pelipper
|
|win|ass grabbin


|inactive|Time left: 150 sec this turn | 390 sec total

||Ladder updating...


|l|☆andy870930



|raw|ass grabbin's rating: 1789 &rarr; <strong>1806<\/strong><br \/>(+17 for winning)
|raw|andy870930's rating: 1743 &rarr; <strong>1726<\/strong><br \/>(-17 for losing)

</script>
</div>
<div class="battle-log battle-log-inline"><div class="inner"><div class="chat"><small>☆ass grabbin joined.</small></div><div class="chat"><small>☆andy870930 joined.</small></div><div style="padding:5px 0"><small>Format:</small> <br><strong>[Gen 7] OU</strong></div><div class="rated"><strong>Rated battle</strong></div><div><small><em>Sleep Clause Mod:</em> Limit one foe put to sleep</small></div><div><small><em>Species Clause:</em> Limit one of each Pokémon</small></div><div><small><em>OHKO Clause:</em> OHKO moves are banned</small></div><div><small><em>Moody Clause:</em> Moody is banned</small></div><div><small><em>Evasion Moves Clause:</em> Evasion moves are banned</small></div><div><small><em>Endless Battle Clause:</em> Forcing endless battles is banned</small></div><div><small><em>HP Percentage Mod:</em> HP is shown in percentages</small></div><div class="chat"><strong>ass grabbin's team:</strong> <em style="color:#445566;display:block;">Zapdos / Garchomp / Greninja / Nihilego / Ferrothorn / Scizor</em></div><div class="chat"><strong>andy870930's team:</strong> <em style="color:#445566;display:block;">Serperior / Azumarill / Pelipper / Tapu Koko / Hawlucha / Swampert</em></div><div class="chat message-error">Battle timer is ON: inactive players will automatically lose when time's up. (requested by ass grabbin)</div><div>Battle between ass grabbin and andy870930 started!</div><div class="spacer battle-history"></div><div class="battle-history">Go! <span class="battle-nickname" title="Nihilego">R34 Lusamine <small>(Nihilego)</small></span>!</div><div class="spacer battle-history"></div><div class="battle-history">andy870930 sent out Serperior!</div><h2 class="battle-history">Turn 1</h2><div class="spacer battle-history"></div><div class="battle-history"><span class="battle-nickname" title="Nihilego">R34 Lusamine</span> used <strong>Sludge Wave</strong>!</div><div class="battle-history"><small>It's super effective! <br></small><small>The opposing <span class="battle-nickname-foe" title="Serperior">Serperior</span> lost 76% of its health!</small><br></div><div class="spacer battle-history"></div><div class="battle-history">The opposing <span class="battle-nickname-foe" title="Serperior">Serperior</span> used <strong>Leaf Storm</strong>!</div><div class="battle-history"><small><span class="battle-nickname" title="Nihilego">R34 Lusamine</span> lost <abbr title="−127/360">35.3%</abbr> of its health!</small><br></div><div class="battle-history"><small>The opposing <span class="battle-nickname-foe" title="Serperior">Serperior</span>'s Special Attack rose sharply! </small></div><h2 class="battle-history">Turn 2</h2><div class="chat message-error">andy870930 has 135 seconds left.</div><div class="spacer battle-history"></div><div class="battle-history"><span class="battle-nickname" title="Nihilego">R34 Lusamine</span> used <strong>Sludge Wave</strong>!</div><div class="battle-history"><small>It's super effective! <br></small><small>The opposing <span class="battle-nickname-foe" title="Serperior">Serperior</span> lost 24% of its health!</small><br></div><div class="spacer battle-history"></div><div class="battle-history">The opposing <span class="battle-nickname-foe" title="Serperior">Serperior</span> fainted!</div><div class="battle-history"><small>[<span class="battle-nickname" title="Nihilego">R34 Lusamine</span>'s Beast Boost!]</small></div><div class="battle-history"><small><span class="battle-nickname" title="Nihilego">R34 Lusamine</span>'s Special Attack rose! </small></div><div class="spacer battle-history"></div><div class="battle-history">andy870930 sent out Pelipper!</div><div class="battle-history"><small>[Opposing <span class="battle-nickname-foe" title="Pelipper">Pelipper</span>'s Drizzle!]</small></div><div class="battle-history"><small>It started to rain!</small></div><h2 class="battle-history">Turn 3</h2><div class="chat"><div class="infobox">Pokémon Showdown! damage calculator. (Courtesy of Honko)<br>- <a href="https://pokemonshowdown.com/damagecalc/" target="_blank" rel="noopener">Damage Calculator</a></div></div><div class="chat message-error">ass grabbin has 135 seconds left.</div><div class="chat message-error">ass grabbin has 120 seconds left.</div><div class="spacer battle-history"></div><div class="battle-history"><span class="battle-nickname" title="Nihilego">R34 Lusamine</span>, come back!</div><div class="battle-history">Go! <span class="battle-nickname" title="Garchomp">Zygarde sux <small>(Garchomp)</small></span>!</div><div class="spacer battle-history"></div><div class="battle-history">The opposing <span class="battle-nickname-foe" title="Pelipper">Pelipper</span> used <strong>Surf</strong>!</div><div class="battle-history"><small><span class="battle-nickname" title="Garchomp">Zygarde sux</span> lost <abbr title="−163/357">45.7%</abbr> of its health!</small><br></div><h2 class="battle-history">Turn 4</h2><div class="spacer battle-history"></div><div class="battle-history">andy870930 withdrew Pelipper!</div><div class="battle-history">andy870930 sent out Azumarill!</div><div class="spacer battle-history"></div><div class="battle-history"><small><span class="battle-nickname" title="Garchomp">Zygarde sux</span> surrounded itself with its Z-Power! </small></div><div class="battle-history"><small><span class="battle-nickname" title="Garchomp">Zygarde sux</span> unleashes its full-force Z-Move!</small></div><div class="battle-history"><span class="battle-nickname" title="Garchomp">Zygarde sux</span> used <strong>Devastating Drake</strong>!</div><div class="battle-history"><small>It doesn't affect the opposing <span class="battle-nickname-foe" title="Azumarill">Azumarill</span>... </small></div><h2 class="battle-history">Turn 5</h2><div class="spacer battle-history"></div><div class="battle-history"><span class="battle-nickname" title="Garchomp">Zygarde sux</span> used <strong>Earthquake</strong>!</div><div class="battle-history"><small>The opposing <span class="battle-nickname-foe" title="Azumarill">Azumarill</span> lost 54% of its health!</small><br></div><div class="battle-history"><small>The opposing <span class="battle-nickname-foe" title="Azumarill">Azumarill</span> ate its Sitrus Berry!</small></div><div class="battle-history"><small>The opposing <span class="battle-nickname-foe" title="Azumarill">Azumarill</span> restored HP using its Sitrus Berry!</small></div><div class="spacer battle-history"></div><div class="battle-history">The opposing <span class="battle-nickname-foe" title="Azumarill">Azumarill</span> used <strong>Belly Drum</strong>!</div><div class="battle-history"><small>The opposing <span class="battle-nickname-foe" title="Azumarill">Azumarill</span> lost 50% of its health!</small><br></div><div class="battle-history"><small>The opposing <span class="battle-nickname-foe" title="Azumarill">Azumarill</span> cut its own HP and maximized its Attack!</small></div><h2 class="battle-history">Turn 6</h2><div class="spacer battle-history"></div><div class="battle-history">The opposing <span class="battle-nickname-foe" title="Azumarill">Azumarill</span> used <strong>Aqua Jet</strong>!</div><div class="battle-history"><small><span class="battle-nickname" title="Garchomp">Zygarde sux</span> lost <abbr title="−193/357">54.1%</abbr> of its health!</small><br></div><div class="battle-history"><small>[<span class="battle-nickname" title="Garchomp">Zygarde sux</span>'s Rough Skin!]</small></div><div class="battle-history"><small>The opposing <span class="battle-nickname-foe" title="Azumarill">Azumarill</span> was hurt! </small></div><div class="spacer battle-history"></div><div class="battle-history"><span class="battle-nickname" title="Garchomp">Zygarde sux</span> fainted!</div><div class="spacer battle-history"></div><div class="battle-history">Go! <span class="battle-nickname" title="Scizor">Swords Dance <small>(Scizor)</small></span>!</div><h2 class="battle-history">Turn 7</h2><div class="spacer battle-history"></div><div class="battle-history"><small><span class="battle-nickname" title="Scizor">Swords Dance</span>'s Scizorite is reacting to the Key Stone!<br><span class="battle-nickname" title="Scizor">Swords Dance</span> has Mega Evolved into Mega Scizor!</small></div><div class="spacer battle-history"></div><div class="battle-history"><span class="battle-nickname" title="Scizor-Mega">Swords Dance</span> used <strong>Bullet Punch</strong>!</div><div class="battle-history"><small>The opposing <span class="battle-nickname-foe" title="Azumarill">Azumarill</span> lost 8% of its health!</small><br></div><div class="spacer battle-history"></div><div class="battle-history">The opposing <span class="battle-nickname-foe" title="Azumarill">Azumarill</span> fainted!</div><div class="spacer battle-history"></div><div class="battle-history">andy870930 sent out Swampert!</div><h2 class="battle-history">Turn 8</h2><div class="spacer battle-history"></div><div class="battle-history"><span class="battle-nickname" title="Scizor-Mega">Swords Dance</span>, come back!</div><div class="battle-history">Go! <span class="battle-nickname" title="Ferrothorn">Whips don't lie <small>(Ferrothorn)</small></span>!</div><div class="battle-history"><small>The opposing <span class="battle-nickname-foe" title="Swampert">Swampert</span>'s Swampertite is reacting to the Key Stone!<br>The opposing <span class="battle-nickname-foe" title="Swampert">Swampert</span> has Mega Evolved into Mega Swampert!</small></div><div class="spacer battle-history"></div><div class="battle-history">The opposing <span class="battle-nickname-foe" title="Swampert-Mega">Swampert</span> used <strong>Power-Up Punch</strong>!</div><div class="battle-history"><small>It's super effective! <br></small><small><span class="battle-nickname" title="Ferrothorn">Whips don't lie</span> lost <abbr title="−74/352">21.0%</abbr> of its health!</small><br></div><div class="battle-history"><small>[<span class="battle-nickname" title="Ferrothorn">Whips don't lie</span>'s Iron Barbs!]</small></div><div class="battle-history"><small>The opposing <span class="battle-nickname-foe" title="Swampert-Mega">Swampert</span> was hurt! </small></div><div class="battle-history"><small>The opposing <span class="battle-nickname-foe" title="Swampert-Mega">Swampert</span>'s Attack rose! </small></div><div class="spacer battle-history"></div><div class="battle-history"><small><span class="battle-nickname" title="Ferrothorn">Whips don't lie</span> restored a little HP using its Leftovers!</small></div><h2 class="battle-history">Turn 9</h2><div class="chat message-error">andy870930 has 135 seconds left.</div><div class="chat message-error">andy870930 has 120 seconds left.</div><div class="spacer battle-history"></div><div class="battle-history">andy870930 withdrew <span class="battle-nickname-foe" title="Swampert-Mega">Swampert <small>(Swampert-Mega)</small></span>!</div><div class="battle-history">andy870930 sent out Tapu Koko!</div><div class="battle-history"><small>[Opposing <span class="battle-nickname-foe" title="Tapu Koko">Tapu Koko</span>'s Electric Surge!]</small></div><div class="battle-history"><small>An electric current runs across the battlefield!</small></div><div class="spacer battle-history"></div><div class="battle-history"><span class="battle-nickname" title="Ferrothorn">Whips don't lie</span> used <strong>Power Whip</strong>!</div><div class="battle-history"><small>The opposing <span class="battle-nickname-foe" title="Tapu Koko">Tapu Koko</span> lost 54% of its health!</small><br></div><div class="spacer battle-history"></div><div class="battle-history"><small><span class="battle-nickname" title="Ferrothorn">Whips don't lie</span> restored a little HP using its Leftovers!</small></div><h2 class="battle-history">Turn 10</h2><div class="spacer battle-history"></div><div class="battle-history">The opposing <span class="battle-nickname-foe" title="Tapu Koko">Tapu Koko</span> used <strong>Taunt</strong>!</div><div class="battle-history"><small><span class="battle-nickname" title="Ferrothorn">Whips don't lie</span> fell for the taunt!</small></div><div class="spacer battle-history"></div><div class="battle-history"><span class="battle-nickname" title="Ferrothorn">Whips don't lie</span> used <strong>Power Whip</strong>!</div><div class="battle-history"><small>The opposing <span class="battle-nickname-foe" title="Tapu Koko">Tapu Koko</span> lost 46% of its health!</small><br></div><div class="spacer battle-history"></div><div class="battle-history">The opposing <span class="battle-nickname-foe" title="Tapu Koko">Tapu Koko</span> fainted!</div><div class="spacer battle-history"></div><div class="battle-history"><small>The rain stopped.</small></div><div class="battle-history"><small><span class="battle-nickname" title="Ferrothorn">Whips don't lie</span> restored a little HP using its Leftovers!</small></div><div class="spacer battle-history"></div><div class="battle-history">andy870930 sent out Hawlucha!</div><div class="battle-history"><small>The opposing <span class="battle-nickname-foe" title="Hawlucha">Hawlucha</span>'s Electric Seed activated!</small></div><div class="battle-history"><small>The opposing <span class="battle-nickname-foe" title="Hawlucha">Hawlucha</span>'s Defense rose! </small></div><h2 class="battle-history">Turn 11</h2><div class="spacer battle-history"></div><div class="battle-history"><span class="battle-nickname" title="Ferrothorn">Whips don't lie</span>, come back!</div><div class="battle-history">Go! <span class="battle-nickname" title="Zapdos">Bodak Yellow <small>(Zapdos)</small></span>!</div><div class="spacer battle-history"></div><div class="battle-history">The opposing <span class="battle-nickname-foe" title="Hawlucha">Hawlucha</span> used <strong>Swords Dance</strong>!</div><div class="battle-history"><small>The opposing <span class="battle-nickname-foe" title="Hawlucha">Hawlucha</span>'s Attack rose sharply! </small></div><h2 class="battle-history">Turn 12</h2><div class="spacer battle-history"></div><div class="battle-history">The opposing <span class="battle-nickname-foe" title="Hawlucha">Hawlucha</span> used <strong>High Jump Kick</strong>!</div><div class="battle-history"><small>It's not very effective... <br></small><small><span class="battle-nickname" title="Zapdos">Bodak Yellow</span> lost <abbr title="−153/383">39.9%</abbr> of its health!</small><br></div><div class="spacer battle-history"></div><div class="battle-history"><span class="battle-nickname" title="Zapdos">Bodak Yellow</span> used <strong>Discharge</strong>!</div><div class="battle-history"><small>It's super effective! <br></small><small>The opposing <span class="battle-nickname-foe" title="Hawlucha">Hawlucha</span> lost 91% of its health!</small><br></div><div class="battle-history"><small>The opposing <span class="battle-nickname-foe" title="Hawlucha">Hawlucha</span> is paralyzed! It may be unable to move!</small></div><div class="spacer battle-history"></div><div class="battle-history"><small><span class="battle-nickname" title="Zapdos">Bodak Yellow</span> restored a little HP using its Leftovers!</small></div><h2 class="battle-history">Turn 13</h2><div class="spacer battle-history"></div><div class="battle-history">The opposing <span class="battle-nickname-foe" title="Hawlucha">Hawlucha</span> used <strong>High Jump Kick</strong>!</div><div class="battle-history"><small>It's not very effective... <br></small><small><span class="battle-nickname" title="Zapdos">Bodak Yellow</span> lost <abbr title="−156/383">40.7%</abbr> of its health!</small><br></div><div class="spacer battle-history"></div><div class="battle-history"><span class="battle-nickname" title="Zapdos">Bodak Yellow</span> used <strong>Discharge</strong>!</div><div class="battle-history"><small>It's super effective! <br></small><small>The opposing <span class="battle-nickname-foe" title="Hawlucha">Hawlucha</span> lost 9% of its health!</small><br></div><div class="spacer battle-history"></div><div class="battle-history">The opposing <span class="battle-nickname-foe" title="Hawlucha">Hawlucha</span> fainted!</div><div class="spacer battle-history"></div><div class="battle-history"><small><span class="battle-nickname" title="Zapdos">Bodak Yellow</span> restored a little HP using its Leftovers!</small></div><div class="battle-history"><small>The electricity disappeared from the battlefield.</small></div><div class="spacer battle-history"></div><div class="battle-history">andy870930 sent out Pelipper!</div><div class="battle-history"><small>[Opposing <span class="battle-nickname-foe" title="Pelipper">Pelipper</span>'s Drizzle!]</small></div><div class="battle-history"><small>It started to rain!</small></div><h2 class="battle-history">Turn 14</h2><div class="spacer battle-history"></div><div class="battle-history">andy870930 withdrew Pelipper!</div><div class="battle-history">andy870930 sent out <span class="battle-nickname-foe" title="Swampert-Mega">Swampert <small>(Swampert-Mega)</small></span>!</div><div class="spacer battle-history"></div><div class="battle-history"><span class="battle-nickname" title="Zapdos">Bodak Yellow</span> used <strong>Roost</strong>!</div><div class="battle-history"><small><span class="battle-nickname" title="Zapdos">Bodak Yellow</span> restored its HP.</small></div><div class="spacer battle-history"></div><div class="battle-history"><small><span class="battle-nickname" title="Zapdos">Bodak Yellow</span> restored a little HP using its Leftovers!</small></div><h2 class="battle-history">Turn 15</h2><div class="spacer battle-history"></div><div class="battle-history"><span class="battle-nickname" title="Zapdos">Bodak Yellow</span>, come back!</div><div class="battle-history">Go! <span class="battle-nickname" title="Ferrothorn">Whips don't lie <small>(Ferrothorn)</small></span>!</div><div class="spacer battle-history"></div><div class="battle-history">The opposing <span class="battle-nickname-foe" title="Swampert-Mega">Swampert</span> used <strong>Power-Up Punch</strong>!</div><div class="battle-history"><small>It's super effective! <br></small><small><span class="battle-nickname" title="Ferrothorn">Whips don't lie</span> lost <abbr title="−76/352">21.6%</abbr> of its health!</small><br></div><div class="battle-history"><small>[<span class="battle-nickname" title="Ferrothorn">Whips don't lie</span>'s Iron Barbs!]</small></div><div class="battle-history"><small>The opposing <span class="battle-nickname-foe" title="Swampert-Mega">Swampert</span> was hurt! </small></div><div class="battle-history"><small>The opposing <span class="battle-nickname-foe" title="Swampert-Mega">Swampert</span>'s Attack rose! </small></div><div class="spacer battle-history"></div><div class="battle-history"><small><span class="battle-nickname" title="Ferrothorn">Whips don't lie</span> restored a little HP using its Leftovers!</small></div><h2 class="battle-history">Turn 16</h2><div class="spacer battle-history"></div><div class="battle-history">The opposing <span class="battle-nickname-foe" title="Swampert-Mega">Swampert</span> used <strong>Earthquake</strong>!</div><div class="battle-history"><small><span class="battle-nickname" title="Ferrothorn">Whips don't lie</span> lost <abbr title="−214/352">60.8%</abbr> of its health!</small><br></div><div class="spacer battle-history"></div><div class="battle-history"><span class="battle-nickname" title="Ferrothorn">Whips don't lie</span> used <strong>Power Whip</strong>!</div><div class="battle-history"><small>It's super effective! <br></small><small>The opposing <span class="battle-nickname-foe" title="Swampert-Mega">Swampert</span> lost 76% of its health!</small><br></div><div class="spacer battle-history"></div><div class="battle-history">The opposing <span class="battle-nickname-foe" title="Swampert-Mega">Swampert</span> fainted!</div><div class="spacer battle-history"></div><div class="battle-history"><small><span class="battle-nickname" title="Ferrothorn">Whips don't lie</span> restored a little HP using its Leftovers!</small></div><div class="spacer battle-history"></div><div class="battle-history">andy870930 sent out Pelipper!</div><h2 class="battle-history">Turn 17</h2><div class="spacer battle-history"></div><div class="battle-history">The opposing <span class="battle-nickname-foe" title="Pelipper">Pelipper</span> used <strong>Hurricane</strong>!</div><div class="battle-history"><small><span class="battle-nickname" title="Ferrothorn">Whips don't lie</span> lost <abbr title="−97/352">27.6%</abbr> of its health!</small><br></div><div class="spacer battle-history"></div><div class="battle-history"><span class="battle-nickname" title="Ferrothorn">Whips don't lie</span> fainted!</div><div class="spacer battle-history"></div><div class="battle-history">Go! <span class="battle-nickname" title="Nihilego">R34 Lusamine <small>(Nihilego)</small></span>!</div><h2 class="battle-history">Turn 18</h2><div class="spacer battle-history"></div><div class="battle-history"><span class="battle-nickname" title="Nihilego">R34 Lusamine</span> used <strong>Thunderbolt</strong>!</div><div class="battle-history"><small>It's super effective! <br></small><small>The opposing <span class="battle-nickname-foe" title="Pelipper">Pelipper</span> lost 100% of its health!</small><br></div><div class="spacer battle-history"></div><div class="battle-history">The opposing <span class="battle-nickname-foe" title="Pelipper">Pelipper</span> fainted!</div><div class="spacer battle-history"></div><div class="battle-history">ass grabbin won the battle!</div><div class="chat">Ladder updating...</div><div class="chat"><small>☆andy870930 left.</small></div><div class="chat">ass grabbin's rating: 1789 → <strong>1806</strong><br>(+17 for winning)</div><div class="chat">andy870930's rating: 1743 → <strong>1726</strong><br>(-17 for losing)</div></div></div>
</div>
<script>
var daily = Math.floor(Date.now()/1000/60/60/24);document.write('<script src="https://play.pokemonshowdown.com/js/replay-embed.js?version'+daily+'"></'+'script>');
</script>
