<!DOCTYPE html>
<meta charset="utf-8" />
<!-- version 1 -->
<title>[Gen 7] OU replay: maitredouard vs. ass grabbin</title>
<style>
html,body {font-family:Verdana, sans-serif;font-size:10pt;margin:0;padding:0;}body{padding:12px 0;} .battle-log {font-family:Verdana, sans-serif;font-size:10pt;} .battle-log-inline {border:1px solid #AAAAAA;background:#EEF2F5;color:black;max-width:640px;margin:0 auto 80px;padding-bottom:5px;} .battle-log .inner {padding:4px 8px 0px 8px;} .battle-log .inner-preempt {padding:0 8px 4px 8px;} .battle-log .inner-after {margin-top:0.5em;} .battle-log h2 {margin:0.5em -8px;padding:4px 8px;border:1px solid #AAAAAA;background:#E0E7EA;border-left:0;border-right:0;font-family:Verdana, sans-serif;font-size:13pt;} .battle-log .chat {vertical-align:middle;padding:3px 0 3px 0;font-size:8pt;} .battle-log .chat strong {color:#40576A;} .battle-log .chat em {padding:1px 4px 1px 3px;color:#000000;font-style:normal;} .chat.mine {background:rgba(0,0,0,0.05);margin-left:-8px;margin-right:-8px;padding-left:8px;padding-right:8px;} .spoiler {color:#BBBBBB;background:#BBBBBB;padding:0px 3px;} .spoiler:hover, .spoiler:active, .spoiler-shown {color:#000000;background:#E2E2E2;padding:0px 3px;} .spoiler a {color:#BBBBBB;} .spoiler:hover a, .spoiler:active a, .spoiler-shown a {color:#2288CC;} .chat code, .chat .spoiler:hover code, .chat .spoiler:active code, .chat .spoiler-shown code {border:1px solid #C0C0C0;background:#EEEEEE;color:black;padding:0 2px;} .chat .spoiler code {border:1px solid #CCCCCC;background:#CCCCCC;color:#CCCCCC;} .battle-log .rated {padding:3px 4px;} .battle-log .rated strong {color:white;background:#89A;padding:1px 4px;border-radius:4px;} .spacer {margin-top:0.5em;} .message-announce {background:#6688AA;color:white;padding:1px 4px 2px;} .message-announce a, .broadcast-green a, .broadcast-blue a, .broadcast-red a {color:#DDEEFF;} .broadcast-green {background-color:#559955;color:white;padding:2px 4px;} .broadcast-blue {background-color:#6688AA;color:white;padding:2px 4px;} .infobox {border:1px solid #6688AA;padding:2px 4px;} .infobox-limited {max-height:200px;overflow:auto;overflow-x:hidden;} .broadcast-red {background-color:#AA5544;color:white;padding:2px 4px;} .message-learn-canlearn {font-weight:bold;color:#228822;text-decoration:underline;} .message-learn-cannotlearn {font-weight:bold;color:#CC2222;text-decoration:underline;} .message-effect-weak {font-weight:bold;color:#CC2222;} .message-effect-resist {font-weight:bold;color:#6688AA;} .message-effect-immune {font-weight:bold;color:#666666;} .message-learn-list {margin-top:0;margin-bottom:0;} .message-throttle-notice, .message-error {color:#992222;} .message-overflow, .chat small.message-overflow {font-size:0pt;} .message-overflow::before {font-size:9pt;content:'...';} .subtle {color:#3A4A66;}
</style>
<div class="wrapper replay-wrapper" style="max-width:1180px;margin:0 auto">
<input type="hidden" name="replayid" value="gen7ou-733265385" />
<div class="battle"></div><div class="battle-log"></div><div class="replay-controls"></div><div class="replay-controls-2"></div>
<h1 style="font-weight:normal;text-align:center"><strong>[Gen 7] OU</strong><br /><a href="http://pokemonshowdown.com/users/maitredouard" class="subtle" target="_blank">maitredouard</a> vs. <a href="http://pokemonshowdown.com/users/assgrabbin" class="subtle" target="_blank">ass grabbin</a></h1>
<script type="text/plain" class="battle-log-data">|j|☆maitredouard
|j|☆ass grabbin


|player|p1|maitredouard|170



|player|p2|ass grabbin|70
|teamsize|p1|6
|teamsize|p2|6
|gametype|singles
|gen|7
|tier|[Gen 7] OU
|rated|
|seed|
|rule|Sleep Clause Mod: Limit one foe put to sleep
|rule|Species Clause: Limit one of each Pokémon
|rule|OHKO Clause: OHKO moves are banned
|rule|Moody Clause: Moody is banned
|rule|Evasion Moves Clause: Evasion moves are banned
|rule|Endless Battle Clause: Forcing endless battles is banned
|rule|HP Percentage Mod: HP is shown in percentages
|clearpoke
|poke|p1|Landorus-Therian, M|item
|poke|p1|Venusaur, M|item
|poke|p1|Tapu Lele|item
|poke|p1|Ferrothorn, F|item
|poke|p1|Heatran, F|item
|poke|p1|Mandibuzz, F|item
|poke|p2|Zapdos|item
|poke|p2|Garchomp, M|item
|poke|p2|Greninja, M|item
|poke|p2|Nihilego|item
|poke|p2|Ferrothorn, M|item
|poke|p2|Scizor, M|item
|teampreview



|
|start
|switch|p1a: Ferrothorn|Ferrothorn, F|100\/100
|switch|p2a: Zygarde sux|Garchomp, M|357\/357
|turn|1



|
|switch|p1a: Tapu Lele|Tapu Lele|100\/100
|-fieldstart|move: Psychic Terrain|[from] ability: Psychic Surge|[of] p1a: Tapu Lele
|move|p2a: Zygarde sux|Swords Dance|p2a: Zygarde sux
|-boost|p2a: Zygarde sux|atk|2
|
|upkeep
|turn|2



|
|switch|p2a: Whips don't lie|Ferrothorn, M|352\/352
|move|p1a: Tapu Lele|Moonblast|p2a: Whips don't lie
|-resisted|p2a: Whips don't lie
|-damage|p2a: Whips don't lie|275\/352
|-damage|p1a: Tapu Lele|91\/100|[from] item: Life Orb
|
|-heal|p2a: Whips don't lie|297\/352|[from] item: Leftovers
|upkeep
|turn|3



|
|switch|p1a: Ferrothorn|Ferrothorn, F|100\/100
|move|p2a: Whips don't lie|Stealth Rock|p1a: Ferrothorn
|-sidestart|p1: maitredouard|move: Stealth Rock
|
|-heal|p2a: Whips don't lie|319\/352|[from] item: Leftovers
|upkeep
|turn|4



|
|switch|p2a: Zygarde sux|Garchomp, M|357\/357
|move|p1a: Ferrothorn|Stealth Rock|p2a: Zygarde sux
|-sidestart|p2: ass grabbin|move: Stealth Rock
|
|upkeep
|turn|5


|inactive|Time left: 150 sec this turn | 220 sec total


|inactive|Battle timer is ON: inactive players will automatically lose when time's up. (requested by maitredouard)



|inactive|ass grabbin has 135 seconds left.



|
|move|p2a: Zygarde sux|Swords Dance|p2a: Zygarde sux
|-boost|p2a: Zygarde sux|atk|2
|move|p1a: Ferrothorn|Knock Off|p2a: Zygarde sux
|-damage|p2a: Zygarde sux|305\/357
|-damage|p1a: Ferrothorn|88\/100|[from] ability: Rough Skin|[of] p2a: Zygarde sux
|
|-fieldend|move: Psychic Terrain
|upkeep
|turn|6


|inactive|Time left: 150 sec this turn | 210 sec total


|
|move|p2a: Zygarde sux|Fire Fang|p1a: Ferrothorn
|-supereffective|p1a: Ferrothorn
|-damage|p1a: Ferrothorn|0 fnt
|-damage|p2a: Zygarde sux|261\/357|[from] ability: Iron Barbs|[of] p1a: Ferrothorn
|-damage|p2a: Zygarde sux|202\/357|[from] item: Rocky Helmet|[of] p1a: Ferrothorn
|faint|p1a: Ferrothorn
|
|upkeep


|inactive|Time left: 150 sec this turn | 220 sec total


|
|switch|p1a: Tapu Lele|Tapu Lele|91\/100
|-damage|p1a: Tapu Lele|78\/100|[from] Stealth Rock
|-fieldstart|move: Psychic Terrain|[from] ability: Psychic Surge|[of] p1a: Tapu Lele
|turn|7


|inactive|Time left: 150 sec this turn | 230 sec total


|inactive|ass grabbin has 135 seconds left.



|
|switch|p2a: Whips don't lie|Ferrothorn, M|319\/352
|-damage|p2a: Whips don't lie|297\/352|[from] Stealth Rock
|switch|p1a: Mandibuzz|Mandibuzz, F|100\/100
|-damage|p1a: Mandibuzz|75\/100|[from] Stealth Rock
|
|-heal|p1a: Mandibuzz|82\/100|[from] item: Leftovers
|-heal|p2a: Whips don't lie|319\/352|[from] item: Leftovers
|upkeep
|turn|8


|inactive|Time left: 150 sec this turn | 225 sec total


|
|move|p1a: Mandibuzz|Taunt|p2a: Whips don't lie
|-start|p2a: Whips don't lie|move: Taunt
|cant|p2a: Whips don't lie|move: Taunt|Thunder Wave
|
|-heal|p1a: Mandibuzz|88\/100|[from] item: Leftovers
|-heal|p2a: Whips don't lie|341\/352|[from] item: Leftovers
|upkeep
|turn|9


|inactive|Time left: 150 sec this turn | 235 sec total


|
|switch|p1a: Heatran|Heatran, F|100\/100
|-damage|p1a: Heatran|88\/100|[from] Stealth Rock
|switch|p2a: Zygarde sux|Garchomp, M|202\/357
|-damage|p2a: Zygarde sux|180\/357|[from] Stealth Rock
|
|upkeep
|turn|10


|inactive|Time left: 150 sec this turn | 235 sec total


|inactive|maitredouard has 135 seconds left.



|
|move|p2a: Zygarde sux|Earthquake|p1a: Heatran
|-supereffective|p1a: Heatran
|-damage|p1a: Heatran|0 fnt
|faint|p1a: Heatran
|
|upkeep


|inactive|Time left: 150 sec this turn | 245 sec total


|
|switch|p1a: Landorus|Landorus-Therian, M|100\/100
|-damage|p1a: Landorus|88\/100|[from] Stealth Rock
|-ability|p1a: Landorus|Intimidate|boost
|-unboost|p2a: Zygarde sux|atk|1
|turn|11


|inactive|Time left: 150 sec this turn | 255 sec total


|
|switch|p2a: Bodak Yellow|Zapdos|383\/383
|-damage|p2a: Bodak Yellow|288\/383|[from] Stealth Rock
|move|p1a: Landorus|Stone Edge|p2a: Bodak Yellow
|-supereffective|p2a: Bodak Yellow
|-damage|p2a: Bodak Yellow|84\/383
|
|-heal|p2a: Bodak Yellow|107\/383|[from] item: Leftovers
|-fieldend|move: Psychic Terrain
|upkeep
|turn|12


|inactive|Time left: 150 sec this turn | 265 sec total


|
|move|p1a: Landorus|Stone Edge|p2a: Bodak Yellow
|-supereffective|p2a: Bodak Yellow
|-damage|p2a: Bodak Yellow|0 fnt
|faint|p2a: Bodak Yellow
|
|upkeep


|inactive|Time left: 150 sec this turn | 275 sec total


|
|switch|p2a: Whips don't lie|Ferrothorn, M|341\/352
|-damage|p2a: Whips don't lie|319\/352|[from] Stealth Rock
|turn|13


|inactive|Time left: 150 sec this turn | 275 sec total


|inactive|maitredouard has 135 seconds left.



|
|switch|p1a: Venusaur|Venusaur, M|100\/100
|-damage|p1a: Venusaur|88\/100|[from] Stealth Rock
|move|p2a: Whips don't lie|Leech Seed|p1a: Venusaur|[miss]
|-miss|p2a: Whips don't lie|p1a: Venusaur
|
|-heal|p2a: Whips don't lie|341\/352|[from] item: Leftovers
|upkeep
|turn|14


|inactive|Time left: 150 sec this turn | 285 sec total


|
|-mega|p1a: Venusaur|Venusaur|Venusaurite
|detailschange|p1a: Venusaur|Venusaur-Mega, M
|move|p1a: Venusaur|Giga Drain|p2a: Whips don't lie
|-resisted|p2a: Whips don't lie
|-damage|p2a: Whips don't lie|322\/352
|-heal|p1a: Venusaur|91\/100|[from] drain|[of] p2a: Whips don't lie
|move|p2a: Whips don't lie|Thunder Wave|p1a: Venusaur
|-status|p1a: Venusaur|par
|
|-heal|p2a: Whips don't lie|344\/352|[from] item: Leftovers
|upkeep
|turn|15


|inactive|Time left: 150 sec this turn | 290 sec total


|
|switch|p1a: Mandibuzz|Mandibuzz, F|88\/100
|-damage|p1a: Mandibuzz|63\/100|[from] Stealth Rock
|switch|p2a: Zygarde sux|Garchomp, M|180\/357
|-damage|p2a: Zygarde sux|158\/357|[from] Stealth Rock
|
|-heal|p1a: Mandibuzz|69\/100|[from] item: Leftovers
|upkeep
|turn|16


|inactive|Time left: 150 sec this turn | 290 sec total


|inactive|maitredouard has 135 seconds left.



|
|-zpower|p2a: Zygarde sux
|move|p2a: Zygarde sux|Devastating Drake|p1a: Mandibuzz|[zeffect]
|-damage|p1a: Mandibuzz|6\/100
|move|p1a: Mandibuzz|Foul Play|p2a: Zygarde sux
|-damage|p2a: Zygarde sux|0 fnt
|-damage|p1a: Mandibuzz|0 fnt|[from] ability: Rough Skin|[of] p2a: Zygarde sux
|faint|p2a: Zygarde sux
|faint|p1a: Mandibuzz
|
|upkeep


|inactive|Time left: 150 sec this turn | 300 sec total


|inactive|ass grabbin has 135 seconds left.



|
|switch|p2a: Swords Dance|Scizor, M|344\/344
|switch|p1a: Landorus|Landorus-Therian, M|88\/100
|-damage|p1a: Landorus|76\/100|[from] Stealth Rock
|-ability|p1a: Landorus|Intimidate|boost
|-unboost|p2a: Swords Dance|atk|1
|-damage|p2a: Swords Dance|301\/344|[from] Stealth Rock
|turn|17


|inactive|Time left: 150 sec this turn | 290 sec total


|
|-mega|p2a: Swords Dance|Scizor|Scizorite
|detailschange|p2a: Swords Dance|Scizor-Mega, M
|move|p1a: Landorus|Earthquake|p2a: Swords Dance
|-damage|p2a: Swords Dance|150\/344
|move|p2a: Swords Dance|Swords Dance|p2a: Swords Dance
|-boost|p2a: Swords Dance|atk|2
|
|upkeep
|turn|18


|inactive|Time left: 150 sec this turn | 300 sec total


|inactive|ass grabbin has 135 seconds left.



|
|move|p2a: Swords Dance|Bullet Punch|p1a: Landorus
|-crit|p1a: Landorus
|-damage|p1a: Landorus|0 fnt
|faint|p1a: Landorus
|
|upkeep


|inactive|Time left: 150 sec this turn | 295 sec total


|-message|maitredouard forfeited.



|
|win|ass grabbin


|inactive|Time left: 150 sec this turn | 305 sec total

||Ladder updating...


|l|☆maitredouard

</script>
</div>
<div class="battle-log battle-log-inline"><div class="inner"><div class="chat"><small>☆maitredouard joined.</small></div><div class="chat"><small>☆ass grabbin joined.</small></div><div style="padding:5px 0"><small>Format:</small> <br><strong>[Gen 7] OU</strong></div><div class="rated"><strong>Rated battle</strong></div><div><small><em>Sleep Clause Mod:</em> Limit one foe put to sleep</small></div><div><small><em>Species Clause:</em> Limit one of each Pokémon</small></div><div><small><em>OHKO Clause:</em> OHKO moves are banned</small></div><div><small><em>Moody Clause:</em> Moody is banned</small></div><div><small><em>Evasion Moves Clause:</em> Evasion moves are banned</small></div><div><small><em>Endless Battle Clause:</em> Forcing endless battles is banned</small></div><div><small><em>HP Percentage Mod:</em> HP is shown in percentages</small></div><div class="chat"><strong>ass grabbin's team:</strong> <em style="color:#445566;display:block;">Zapdos / Garchomp / Greninja / Nihilego / Ferrothorn / Scizor</em></div><div class="chat"><strong>maitredouard's team:</strong> <em style="color:#445566;display:block;">Landorus-Therian / Venusaur / Tapu Lele / Ferrothorn / Heatran / Mandibuzz</em></div><div>Battle between maitredouard and ass grabbin started!</div><div class="spacer battle-history"></div><div class="battle-history">maitredouard sent out Ferrothorn!</div><div class="spacer battle-history"></div><div class="battle-history">Go! <span class="battle-nickname" title="Garchomp">Zygarde sux <small>(Garchomp)</small></span>!</div><h2 class="battle-history">Turn 1</h2><div class="spacer battle-history"></div><div class="battle-history">maitredouard withdrew Ferrothorn!</div><div class="battle-history">maitredouard sent out Tapu Lele!</div><div class="battle-history"><small>[Opposing <span class="battle-nickname-foe" title="Tapu Lele">Tapu Lele</span>'s Psychic Surge!]</small></div><div class="battle-history"><small>The battlefield got weird!</small></div><div class="spacer battle-history"></div><div class="battle-history"><span class="battle-nickname" title="Garchomp">Zygarde sux</span> used <strong>Swords Dance</strong>!</div><div class="battle-history"><small><span class="battle-nickname" title="Garchomp">Zygarde sux</span>'s Attack rose sharply! </small></div><h2 class="battle-history">Turn 2</h2><div class="spacer battle-history"></div><div class="battle-history"><span class="battle-nickname" title="Garchomp">Zygarde sux</span>, come back!</div><div class="battle-history">Go! <span class="battle-nickname" title="Ferrothorn">Whips don't lie <small>(Ferrothorn)</small></span>!</div><div class="spacer battle-history"></div><div class="battle-history">The opposing <span class="battle-nickname-foe" title="Tapu Lele">Tapu Lele</span> used <strong>Moonblast</strong>!</div><div class="battle-history"><small>It's not very effective... <br></small><small><span class="battle-nickname" title="Ferrothorn">Whips don't lie</span> lost <abbr title="−77/352">21.9%</abbr> of its health!</small><br></div><div class="battle-history"><small>The opposing <span class="battle-nickname-foe" title="Tapu Lele">Tapu Lele</span> lost some of its HP!</small></div><div class="spacer battle-history"></div><div class="battle-history"><small><span class="battle-nickname" title="Ferrothorn">Whips don't lie</span> restored a little HP using its Leftovers!</small></div><h2 class="battle-history">Turn 3</h2><div class="spacer battle-history"></div><div class="battle-history">maitredouard withdrew Tapu Lele!</div><div class="battle-history">maitredouard sent out Ferrothorn!</div><div class="spacer battle-history"></div><div class="battle-history"><span class="battle-nickname" title="Ferrothorn">Whips don't lie</span> used <strong>Stealth Rock</strong>!</div><div class="battle-history"><small>Pointed stones float in the air around the opposing team!</small></div><div class="spacer battle-history"></div><div class="battle-history"><small><span class="battle-nickname" title="Ferrothorn">Whips don't lie</span> restored a little HP using its Leftovers!</small></div><h2 class="battle-history">Turn 4</h2><div class="spacer battle-history"></div><div class="battle-history"><span class="battle-nickname" title="Ferrothorn">Whips don't lie</span>, come back!</div><div class="battle-history">Go! <span class="battle-nickname" title="Garchomp">Zygarde sux <small>(Garchomp)</small></span>!</div><div class="spacer battle-history"></div><div class="battle-history">The opposing <span class="battle-nickname-foe" title="Ferrothorn">Ferrothorn</span> used <strong>Stealth Rock</strong>!</div><div class="battle-history"><small>Pointed stones float in the air around your team!</small></div><h2 class="battle-history">Turn 5</h2><div class="chat message-error">Battle timer is ON: inactive players will automatically lose when time's up. (requested by maitredouard)</div><div class="chat message-error">ass grabbin has 135 seconds left.</div><div class="spacer battle-history"></div><div class="battle-history"><span class="battle-nickname" title="Garchomp">Zygarde sux</span> used <strong>Swords Dance</strong>!</div><div class="battle-history"><small><span class="battle-nickname" title="Garchomp">Zygarde sux</span>'s Attack rose sharply! </small></div><div class="spacer battle-history"></div><div class="battle-history">The opposing <span class="battle-nickname-foe" title="Ferrothorn">Ferrothorn</span> used <strong>Knock Off</strong>!</div><div class="battle-history"><small><span class="battle-nickname" title="Garchomp">Zygarde sux</span> lost <abbr title="−52/357">14.6%</abbr> of its health!</small><br></div><div class="battle-history"><small>[<span class="battle-nickname" title="Garchomp">Zygarde sux</span>'s Rough Skin!]</small></div><div class="battle-history"><small>The opposing <span class="battle-nickname-foe" title="Ferrothorn">Ferrothorn</span> was hurt! </small></div><div class="spacer battle-history"></div><div class="battle-history"><small>The weirdness disappeared from the battlefield!</small></div><h2 class="battle-history">Turn 6</h2><div class="spacer battle-history"></div><div class="battle-history"><span class="battle-nickname" title="Garchomp">Zygarde sux</span> used <strong>Fire Fang</strong>!</div><div class="battle-history"><small>It's super effective! <br></small><small>The opposing <span class="battle-nickname-foe" title="Ferrothorn">Ferrothorn</span> lost 88% of its health!</small><br></div><div class="battle-history"><small>[Opposing <span class="battle-nickname-foe" title="Ferrothorn">Ferrothorn</span>'s Iron Barbs!]</small></div><div class="battle-history"><small><span class="battle-nickname" title="Garchomp">Zygarde sux</span> was hurt! </small></div><div class="battle-history"><small><span class="battle-nickname" title="Garchomp">Zygarde sux</span> is hurt by the opposing <span class="battle-nickname-foe" title="Ferrothorn">Ferrothorn</span>'s Rocky Helmet! </small></div><div class="spacer battle-history"></div><div class="battle-history">The opposing <span class="battle-nickname-foe" title="Ferrothorn">Ferrothorn</span> fainted!</div><div class="spacer battle-history"></div><div class="battle-history">maitredouard sent out Tapu Lele!</div><div class="battle-history"><small>Pointed stones dug into the opposing <span class="battle-nickname-foe" title="Tapu Lele">Tapu Lele</span>! </small></div><div class="battle-history"><small>[Opposing <span class="battle-nickname-foe" title="Tapu Lele">Tapu Lele</span>'s Psychic Surge!]</small></div><div class="battle-history"><small>The battlefield got weird!</small></div><h2 class="battle-history">Turn 7</h2><div class="chat message-error">ass grabbin has 135 seconds left.</div><div class="spacer battle-history"></div><div class="battle-history"><span class="battle-nickname" title="Garchomp">Zygarde sux</span>, come back!</div><div class="battle-history">Go! <span class="battle-nickname" title="Ferrothorn">Whips don't lie <small>(Ferrothorn)</small></span>!</div><div class="battle-history"><small>Pointed stones dug into <span class="battle-nickname" title="Ferrothorn">Whips don't lie</span>! </small></div><div class="spacer battle-history"></div><div class="battle-history">maitredouard withdrew Tapu Lele!</div><div class="battle-history">maitredouard sent out Mandibuzz!</div><div class="battle-history"><small>Pointed stones dug into the opposing <span class="battle-nickname-foe" title="Mandibuzz">Mandibuzz</span>! </small></div><div class="spacer battle-history"></div><div class="battle-history"><small>The opposing <span class="battle-nickname-foe" title="Mandibuzz">Mandibuzz</span> restored a little HP using its Leftovers!</small></div><div class="battle-history"><small><span class="battle-nickname" title="Ferrothorn">Whips don't lie</span> restored a little HP using its Leftovers!</small></div><h2 class="battle-history">Turn 8</h2><div class="spacer battle-history"></div><div class="battle-history">The opposing <span class="battle-nickname-foe" title="Mandibuzz">Mandibuzz</span> used <strong>Taunt</strong>!</div><div class="battle-history"><small><span class="battle-nickname" title="Ferrothorn">Whips don't lie</span> fell for the taunt!</small></div><div class="spacer battle-history"></div><div class="battle-history"><span class="battle-nickname" title="Ferrothorn">Whips don't lie</span> can't use Thunder Wave after the taunt!</div><div class="spacer battle-history"></div><div class="battle-history"><small>The opposing <span class="battle-nickname-foe" title="Mandibuzz">Mandibuzz</span> restored a little HP using its Leftovers!</small></div><div class="battle-history"><small><span class="battle-nickname" title="Ferrothorn">Whips don't lie</span> restored a little HP using its Leftovers!</small></div><h2 class="battle-history">Turn 9</h2><div class="spacer battle-history"></div><div class="battle-history">maitredouard withdrew Mandibuzz!</div><div class="battle-history">maitredouard sent out Heatran!</div><div class="battle-history"><small>Pointed stones dug into the opposing <span class="battle-nickname-foe" title="Heatran">Heatran</span>! </small></div><div class="spacer battle-history"></div><div class="battle-history"><span class="battle-nickname" title="Ferrothorn">Whips don't lie</span>, come back!</div><div class="battle-history">Go! <span class="battle-nickname" title="Garchomp">Zygarde sux <small>(Garchomp)</small></span>!</div><div class="battle-history"><small>Pointed stones dug into <span class="battle-nickname" title="Garchomp">Zygarde sux</span>! </small></div><h2 class="battle-history">Turn 10</h2><div class="chat message-error">maitredouard has 135 seconds left.</div><div class="spacer battle-history"></div><div class="battle-history"><span class="battle-nickname" title="Garchomp">Zygarde sux</span> used <strong>Earthquake</strong>!</div><div class="battle-history"><small>It's super effective! <br></small><small>The opposing <span class="battle-nickname-foe" title="Heatran">Heatran</span> lost 88% of its health!</small><br></div><div class="spacer battle-history"></div><div class="battle-history">The opposing <span class="battle-nickname-foe" title="Heatran">Heatran</span> fainted!</div><div class="spacer battle-history"></div><div class="battle-history">maitredouard sent out <span class="battle-nickname-foe" title="Landorus-Therian">Landorus <small>(Landorus-Therian)</small></span>!</div><div class="battle-history"><small>Pointed stones dug into the opposing <span class="battle-nickname-foe" title="Landorus-Therian">Landorus</span>! </small></div><div class="battle-history"><small>[Opposing <span class="battle-nickname-foe" title="Landorus-Therian">Landorus</span>'s Intimidate!]</small></div><div class="battle-history"><small><span class="battle-nickname" title="Garchomp">Zygarde sux</span>'s Attack fell! </small></div><h2 class="battle-history">Turn 11</h2><div class="spacer battle-history"></div><div class="battle-history"><span class="battle-nickname" title="Garchomp">Zygarde sux</span>, come back!</div><div class="battle-history">Go! <span class="battle-nickname" title="Zapdos">Bodak Yellow <small>(Zapdos)</small></span>!</div><div class="battle-history"><small>Pointed stones dug into <span class="battle-nickname" title="Zapdos">Bodak Yellow</span>! </small></div><div class="spacer battle-history"></div><div class="battle-history">The opposing <span class="battle-nickname-foe" title="Landorus-Therian">Landorus</span> used <strong>Stone Edge</strong>!</div><div class="battle-history"><small>It's super effective! <br></small><small><span class="battle-nickname" title="Zapdos">Bodak Yellow</span> lost <abbr title="−204/383">53.3%</abbr> of its health!</small><br></div><div class="spacer battle-history"></div><div class="battle-history"><small><span class="battle-nickname" title="Zapdos">Bodak Yellow</span> restored a little HP using its Leftovers!</small></div><div class="battle-history"><small>The weirdness disappeared from the battlefield!</small></div><h2 class="battle-history">Turn 12</h2><div class="spacer battle-history"></div><div class="battle-history">The opposing <span class="battle-nickname-foe" title="Landorus-Therian">Landorus</span> used <strong>Stone Edge</strong>!</div><div class="battle-history"><small>It's super effective! <br></small><small><span class="battle-nickname" title="Zapdos">Bodak Yellow</span> lost <abbr title="−107/383">27.9%</abbr> of its health!</small><br></div><div class="spacer battle-history"></div><div class="battle-history"><span class="battle-nickname" title="Zapdos">Bodak Yellow</span> fainted!</div><div class="spacer battle-history"></div><div class="battle-history">Go! <span class="battle-nickname" title="Ferrothorn">Whips don't lie <small>(Ferrothorn)</small></span>!</div><div class="battle-history"><small>Pointed stones dug into <span class="battle-nickname" title="Ferrothorn">Whips don't lie</span>! </small></div><h2 class="battle-history">Turn 13</h2><div class="chat message-error">maitredouard has 135 seconds left.</div><div class="spacer battle-history"></div><div class="battle-history">maitredouard withdrew <span class="battle-nickname-foe" title="Landorus-Therian">Landorus <small>(Landorus-Therian)</small></span>!</div><div class="battle-history">maitredouard sent out Venusaur!</div><div class="battle-history"><small>Pointed stones dug into the opposing <span class="battle-nickname-foe" title="Venusaur">Venusaur</span>! </small></div><div class="spacer battle-history"></div><div class="battle-history"><span class="battle-nickname" title="Ferrothorn">Whips don't lie</span> used <strong>Leech Seed</strong>!</div><div class="battle-history"><small>The opposing <span class="battle-nickname-foe" title="Venusaur">Venusaur</span> avoided the attack!</small></div><div class="spacer battle-history"></div><div class="battle-history"><small><span class="battle-nickname" title="Ferrothorn">Whips don't lie</span> restored a little HP using its Leftovers!</small></div><h2 class="battle-history">Turn 14</h2><div class="spacer battle-history"></div><div class="battle-history"><small>The opposing <span class="battle-nickname-foe" title="Venusaur">Venusaur</span>'s Venusaurite is reacting to the Key Stone!<br>The opposing <span class="battle-nickname-foe" title="Venusaur">Venusaur</span> has Mega Evolved into Mega Venusaur!</small></div><div class="spacer battle-history"></div><div class="battle-history">The opposing <span class="battle-nickname-foe" title="Venusaur-Mega">Venusaur</span> used <strong>Giga Drain</strong>!</div><div class="battle-history"><small>It's not very effective... <br></small><small><span class="battle-nickname" title="Ferrothorn">Whips don't lie</span> lost <abbr title="−19/352">5.4%</abbr> of its health!</small><br></div><div class="battle-history"><small><span class="battle-nickname" title="Ferrothorn">Whips don't lie</span> had its energy drained!</small></div><div class="spacer battle-history"></div><div class="battle-history"><span class="battle-nickname" title="Ferrothorn">Whips don't lie</span> used <strong>Thunder Wave</strong>!</div><div class="battle-history"><small>The opposing <span class="battle-nickname-foe" title="Venusaur-Mega">Venusaur</span> is paralyzed! It may be unable to move!</small></div><div class="spacer battle-history"></div><div class="battle-history"><small><span class="battle-nickname" title="Ferrothorn">Whips don't lie</span> restored a little HP using its Leftovers!</small></div><h2 class="battle-history">Turn 15</h2><div class="spacer battle-history"></div><div class="battle-history">maitredouard withdrew <span class="battle-nickname-foe" title="Venusaur-Mega">Venusaur <small>(Venusaur-Mega)</small></span>!</div><div class="battle-history">maitredouard sent out Mandibuzz!</div><div class="battle-history"><small>Pointed stones dug into the opposing <span class="battle-nickname-foe" title="Mandibuzz">Mandibuzz</span>! </small></div><div class="spacer battle-history"></div><div class="battle-history"><span class="battle-nickname" title="Ferrothorn">Whips don't lie</span>, come back!</div><div class="battle-history">Go! <span class="battle-nickname" title="Garchomp">Zygarde sux <small>(Garchomp)</small></span>!</div><div class="battle-history"><small>Pointed stones dug into <span class="battle-nickname" title="Garchomp">Zygarde sux</span>! </small></div><div class="spacer battle-history"></div><div class="battle-history"><small>The opposing <span class="battle-nickname-foe" title="Mandibuzz">Mandibuzz</span> restored a little HP using its Leftovers!</small></div><h2 class="battle-history">Turn 16</h2><div class="chat message-error">maitredouard has 135 seconds left.</div><div class="spacer battle-history"></div><div class="battle-history"><small><span class="battle-nickname" title="Garchomp">Zygarde sux</span> surrounded itself with its Z-Power! </small></div><div class="battle-history"><small><span class="battle-nickname" title="Garchomp">Zygarde sux</span> unleashes its full-force Z-Move!</small></div><div class="battle-history"><span class="battle-nickname" title="Garchomp">Zygarde sux</span> used <strong>Devastating Drake</strong>!</div><div class="battle-history"><small>The opposing <span class="battle-nickname-foe" title="Mandibuzz">Mandibuzz</span> lost 63% of its health!</small><br></div><div class="spacer battle-history"></div><div class="battle-history">The opposing <span class="battle-nickname-foe" title="Mandibuzz">Mandibuzz</span> used <strong>Foul Play</strong>!</div><div class="battle-history"><small><span class="battle-nickname" title="Garchomp">Zygarde sux</span> lost <abbr title="−158/357">44.3%</abbr> of its health!</small><br></div><div class="battle-history"><small>[<span class="battle-nickname" title="Garchomp">Zygarde sux</span>'s Rough Skin!]</small></div><div class="battle-history"><small>The opposing <span class="battle-nickname-foe" title="Mandibuzz">Mandibuzz</span> was hurt! </small></div><div class="spacer battle-history"></div><div class="battle-history"><span class="battle-nickname" title="Garchomp">Zygarde sux</span> fainted!</div><div class="spacer battle-history"></div><div class="battle-history">The opposing <span class="battle-nickname-foe" title="Mandibuzz">Mandibuzz</span> fainted!</div><div class="chat message-error">ass grabbin has 135 seconds left.</div><div class="spacer battle-history"></div><div class="battle-history">Go! <span class="battle-nickname" title="Scizor">Swords Dance <small>(Scizor)</small></span>!</div><div class="spacer battle-history"></div><div class="battle-history">maitredouard sent out <span class="battle-nickname-foe" title="Landorus-Therian">Landorus <small>(Landorus-Therian)</small></span>!</div><div class="battle-history"><small>Pointed stones dug into the opposing <span class="battle-nickname-foe" title="Landorus-Therian">Landorus</span>! </small></div><div class="battle-history"><small>[Opposing <span class="battle-nickname-foe" title="Landorus-Therian">Landorus</span>'s Intimidate!]</small></div><div class="battle-history"><small><span class="battle-nickname" title="Scizor">Swords Dance</span>'s Attack fell! </small></div><div class="battle-history"><small>Pointed stones dug into <span class="battle-nickname" title="Scizor">Swords Dance</span>! </small></div><h2 class="battle-history">Turn 17</h2><div class="spacer battle-history"></div><div class="battle-history"><small><span class="battle-nickname" title="Scizor">Swords Dance</span>'s Scizorite is reacting to the Key Stone!<br><span class="battle-nickname" title="Scizor">Swords Dance</span> has Mega Evolved into Mega Scizor!</small></div><div class="spacer battle-history"></div><div class="battle-history">The opposing <span class="battle-nickname-foe" title="Landorus-Therian">Landorus</span> used <strong>Earthquake</strong>!</div><div class="battle-history"><small><span class="battle-nickname" title="Scizor-Mega">Swords Dance</span> lost <abbr title="−151/344">43.9%</abbr> of its health!</small><br></div><div class="spacer battle-history"></div><div class="battle-history"><span class="battle-nickname" title="Scizor-Mega">Swords Dance</span> used <strong>Swords Dance</strong>!</div><div class="battle-history"><small><span class="battle-nickname" title="Scizor-Mega">Swords Dance</span>'s Attack rose sharply! </small></div><h2 class="battle-history">Turn 18</h2><div class="chat message-error">ass grabbin has 135 seconds left.</div><div class="spacer battle-history"></div><div class="battle-history"><span class="battle-nickname" title="Scizor-Mega">Swords Dance</span> used <strong>Bullet Punch</strong>!</div><div class="battle-history"><small>A critical hit! <br></small><small>The opposing <span class="battle-nickname-foe" title="Landorus-Therian">Landorus</span> lost 76% of its health!</small><br></div><div class="spacer battle-history"></div><div class="battle-history">The opposing <span class="battle-nickname-foe" title="Landorus-Therian">Landorus</span> fainted!</div><div class="spacer battle-history"></div><div class="battle-history"><small>maitredouard forfeited.</small></div><div class="spacer battle-history"></div><div class="battle-history">ass grabbin won the battle!</div><div class="chat">Ladder updating...</div><div class="chat"><small>☆maitredouard left.</small></div></div></div>
</div>
<script>
var daily = Math.floor(Date.now()/1000/60/60/24);document.write('<script src="https://play.pokemonshowdown.com/js/replay-embed.js?version'+daily+'"></'+'script>');
</script>
