<!DOCTYPE html>
<meta charset="utf-8" />
<!-- version 1 -->
<title>[Gen 7] OU replay: ass grabbin vs. granrobulo</title>
<style>
html,body {font-family:Verdana, sans-serif;font-size:10pt;margin:0;padding:0;}body{padding:12px 0;} .battle-log {font-family:Verdana, sans-serif;font-size:10pt;} .battle-log-inline {border:1px solid #AAAAAA;background:#EEF2F5;color:black;max-width:640px;margin:0 auto 80px;padding-bottom:5px;} .battle-log .inner {padding:4px 8px 0px 8px;} .battle-log .inner-preempt {padding:0 8px 4px 8px;} .battle-log .inner-after {margin-top:0.5em;} .battle-log h2 {margin:0.5em -8px;padding:4px 8px;border:1px solid #AAAAAA;background:#E0E7EA;border-left:0;border-right:0;font-family:Verdana, sans-serif;font-size:13pt;} .battle-log .chat {vertical-align:middle;padding:3px 0 3px 0;font-size:8pt;} .battle-log .chat strong {color:#40576A;} .battle-log .chat em {padding:1px 4px 1px 3px;color:#000000;font-style:normal;} .chat.mine {background:rgba(0,0,0,0.05);margin-left:-8px;margin-right:-8px;padding-left:8px;padding-right:8px;} .spoiler {color:#BBBBBB;background:#BBBBBB;padding:0px 3px;} .spoiler:hover, .spoiler:active, .spoiler-shown {color:#000000;background:#E2E2E2;padding:0px 3px;} .spoiler a {color:#BBBBBB;} .spoiler:hover a, .spoiler:active a, .spoiler-shown a {color:#2288CC;} .chat code, .chat .spoiler:hover code, .chat .spoiler:active code, .chat .spoiler-shown code {border:1px solid #C0C0C0;background:#EEEEEE;color:black;padding:0 2px;} .chat .spoiler code {border:1px solid #CCCCCC;background:#CCCCCC;color:#CCCCCC;} .battle-log .rated {padding:3px 4px;} .battle-log .rated strong {color:white;background:#89A;padding:1px 4px;border-radius:4px;} .spacer {margin-top:0.5em;} .message-announce {background:#6688AA;color:white;padding:1px 4px 2px;} .message-announce a, .broadcast-green a, .broadcast-blue a, .broadcast-red a {color:#DDEEFF;} .broadcast-green {background-color:#559955;color:white;padding:2px 4px;} .broadcast-blue {background-color:#6688AA;color:white;padding:2px 4px;} .infobox {border:1px solid #6688AA;padding:2px 4px;} .infobox-limited {max-height:200px;overflow:auto;overflow-x:hidden;} .broadcast-red {background-color:#AA5544;color:white;padding:2px 4px;} .message-learn-canlearn {font-weight:bold;color:#228822;text-decoration:underline;} .message-learn-cannotlearn {font-weight:bold;color:#CC2222;text-decoration:underline;} .message-effect-weak {font-weight:bold;color:#CC2222;} .message-effect-resist {font-weight:bold;color:#6688AA;} .message-effect-immune {font-weight:bold;color:#666666;} .message-learn-list {margin-top:0;margin-bottom:0;} .message-throttle-notice, .message-error {color:#992222;} .message-overflow, .chat small.message-overflow {font-size:0pt;} .message-overflow::before {font-size:9pt;content:'...';} .subtle {color:#3A4A66;}
</style>
<div class="wrapper replay-wrapper" style="max-width:1180px;margin:0 auto">
<input type="hidden" name="replayid" value="gen7ou-738586274" />
<div class="battle"></div><div class="battle-log"></div><div class="replay-controls"></div><div class="replay-controls-2"></div>
<h1 style="font-weight:normal;text-align:center"><strong>[Gen 7] OU</strong><br /><a href="http://pokemonshowdown.com/users/assgrabbin" class="subtle" target="_blank">ass grabbin</a> vs. <a href="http://pokemonshowdown.com/users/granrobulo" class="subtle" target="_blank">granrobulo</a></h1>
<script type="text/plain" class="battle-log-data">|j|☆ass grabbin


|j|☆granrobulo



|player|p1|ass grabbin|70



|player|p2|granrobulo|265
|teamsize|p1|6
|teamsize|p2|6
|gametype|singles
|gen|7
|tier|[Gen 7] OU
|rated|
|seed|
|rule|Sleep Clause Mod: Limit one foe put to sleep
|rule|Species Clause: Limit one of each Pokémon
|rule|OHKO Clause: OHKO moves are banned
|rule|Moody Clause: Moody is banned
|rule|Evasion Moves Clause: Evasion moves are banned
|rule|Endless Battle Clause: Forcing endless battles is banned
|rule|HP Percentage Mod: HP is shown in percentages
|clearpoke
|poke|p1|Zapdos|item
|poke|p1|Garchomp, M|item
|poke|p1|Greninja, M|item
|poke|p1|Nihilego|item
|poke|p1|Ferrothorn, F|item
|poke|p1|Scizor, M|item
|poke|p2|Charizard, M|item
|poke|p2|Hoopa-Unbound|item
|poke|p2|Landorus-Therian, M|item
|poke|p2|Zapdos|item
|poke|p2|Victini|item
|poke|p2|Tangrowth, M|item
|teampreview



|
|start
|switch|p1a: Flexicution|Greninja, M|285\/285
|switch|p2a: Victini|Victini|100\/100
|turn|1



|
|switch|p2a: Tangrowth|Tangrowth, M|100\/100
|move|p1a: Flexicution|Dark Pulse|p2a: Tangrowth
|-damage|p2a: Tangrowth|69\/100
|
|upkeep
|turn|2


|inactive|Time left: 150 sec this turn | 220 sec total


|inactive|Battle timer is ON: inactive players will automatically lose when time's up. (requested by granrobulo)



|
|switch|p1a: Whips don't lie|Ferrothorn, F|352\/352
|switch|p2a: Victini|Victini|100\/100
|
|upkeep
|turn|3


|inactive|Time left: 150 sec this turn | 230 sec total


|
|switch|p1a: Zygarde sux|Garchomp, M|357\/357
|-zpower|p2a: Victini
|move|p2a: Victini|Z-Celebrate|p2a: Victini|[anim]Celebrate
|-boost|p2a: Victini|atk|1|[zeffect]
|-boost|p2a: Victini|def|1|[zeffect]
|-boost|p2a: Victini|spa|1|[zeffect]
|-boost|p2a: Victini|spd|1|[zeffect]
|-boost|p2a: Victini|spe|1|[zeffect]
|-activate|p2a: Victini|move: Celebrate
|-fail|p2a: Victini
|
|upkeep
|turn|4


|inactive|Time left: 150 sec this turn | 235 sec total


|
|move|p2a: Victini|Hidden Power|p1a: Zygarde sux
|-supereffective|p1a: Zygarde sux
|-damage|p1a: Zygarde sux|0 fnt
|faint|p1a: Zygarde sux
|
|upkeep


|inactive|Time left: 150 sec this turn | 240 sec total


|inactive|ass grabbin has 135 seconds left.



|
|switch|p1a: Flexicution|Greninja, M|285\/285
|turn|5


|inactive|Time left: 150 sec this turn | 235 sec total


|
|move|p1a: Flexicution|Water Shuriken|p2a: Victini
|-supereffective|p2a: Victini
|-damage|p2a: Victini|86\/100
|-supereffective|p2a: Victini
|-damage|p2a: Victini|72\/100
|-supereffective|p2a: Victini
|-damage|p2a: Victini|59\/100
|-hitcount|p2a: Victini|3
|move|p2a: Victini|Searing Shot|p1a: Flexicution
|-resisted|p1a: Flexicution
|-damage|p1a: Flexicution|141\/285
|-status|p1a: Flexicution|brn
|
|-damage|p1a: Flexicution|124\/285 brn|[from] brn
|upkeep
|turn|6


|inactive|Time left: 150 sec this turn | 240 sec total


|
|move|p1a: Flexicution|Water Shuriken|p2a: Victini
|-supereffective|p2a: Victini
|-damage|p2a: Victini|45\/100
|-supereffective|p2a: Victini
|-damage|p2a: Victini|29\/100
|-hitcount|p2a: Victini|2
|move|p2a: Victini|Searing Shot|p1a: Flexicution
|-resisted|p1a: Flexicution
|-damage|p1a: Flexicution|0 fnt
|faint|p1a: Flexicution
|
|upkeep


|inactive|Time left: 150 sec this turn | 250 sec total


|
|switch|p1a: R34 Lusamine|Nihilego|360\/360
|turn|7


|inactive|Time left: 150 sec this turn | 250 sec total


|
|move|p1a: R34 Lusamine|Power Gem|p2a: Victini
|-supereffective|p2a: Victini
|-damage|p2a: Victini|0 fnt
|faint|p2a: Victini
|-ability|p1a: R34 Lusamine|Beast Boost|boost
|-boost|p1a: R34 Lusamine|spa|1
|
|upkeep


|inactive|Time left: 150 sec this turn | 260 sec total


|
|switch|p2a: Tangrowth|Tangrowth, M|100\/100
|turn|8


|inactive|Time left: 150 sec this turn | 270 sec total


|
|switch|p1a: Swords Dance|Scizor, M|344\/344
|switch|p2a: Landorus|Landorus-Therian, M|100\/100
|-ability|p2a: Landorus|Intimidate|boost
|-unboost|p1a: Swords Dance|atk|1
|
|upkeep
|turn|9


|inactive|Time left: 150 sec this turn | 275 sec total


|
|switch|p1a: Bodak Yellow|Zapdos|383\/383
|move|p2a: Landorus|Swords Dance|p2a: Landorus
|-boost|p2a: Landorus|atk|2
|
|upkeep
|turn|10


|inactive|Time left: 150 sec this turn | 280 sec total


|
|move|p2a: Landorus|Stone Edge|p1a: Bodak Yellow
|-supereffective|p1a: Bodak Yellow
|-damage|p1a: Bodak Yellow|0 fnt
|faint|p1a: Bodak Yellow
|
|upkeep


|inactive|Time left: 150 sec this turn | 280 sec total


|
|switch|p1a: Swords Dance|Scizor, M|344\/344
|turn|11


|inactive|Time left: 150 sec this turn | 285 sec total


|
|-mega|p1a: Swords Dance|Scizor|Scizorite
|detailschange|p1a: Swords Dance|Scizor-Mega, M
|move|p1a: Swords Dance|Bullet Punch|p2a: Landorus
|-damage|p2a: Landorus|54\/100
|move|p2a: Landorus|Earthquake|p1a: Swords Dance
|-damage|p1a: Swords Dance|32\/344
|
|upkeep
|turn|12


|inactive|Time left: 150 sec this turn | 295 sec total


|
|move|p1a: Swords Dance|Bullet Punch|p2a: Landorus
|-damage|p2a: Landorus|11\/100
|-enditem|p2a: Landorus|Sitrus Berry|[eat]
|-heal|p2a: Landorus|36\/100|[from] item: Sitrus Berry
|move|p2a: Landorus|Rock Polish|p2a: Landorus
|-boost|p2a: Landorus|spe|2
|
|upkeep
|turn|13


|inactive|Time left: 150 sec this turn | 300 sec total

|error|[Invalid choice] There's nothing to cancel

|error|[Invalid choice] Sorry, too late to make a different move; the next turn has already started


|j| FAT LADS



|
|move|p1a: Swords Dance|Bullet Punch|p2a: Landorus
|-damage|p2a: Landorus|0 fnt
|faint|p2a: Landorus
|
|upkeep


|inactive|Time left: 150 sec this turn | 300 sec total


|
|switch|p2a: Charizard|Charizard, M|100\/100
|turn|14


|inactive|Time left: 150 sec this turn | 310 sec total


|inactive|ass grabbin has 135 seconds left.



|
|switch|p1a: R34 Lusamine|Nihilego|360\/360
|-mega|p2a: Charizard|Charizard|Charizardite X
|detailschange|p2a: Charizard|Charizard-Mega-X, M
|move|p2a: Charizard|Dragon Dance|p2a: Charizard
|-boost|p2a: Charizard|atk|1
|-boost|p2a: Charizard|spe|1
|
|upkeep
|turn|15


|inactive|Time left: 150 sec this turn | 300 sec total


|
|switch|p2a: Hoopa|Hoopa-Unbound|100\/100
|move|p1a: R34 Lusamine|Power Gem|p2a: Hoopa
|-damage|p2a: Hoopa|76\/100
|
|upkeep
|turn|16


|inactive|Time left: 150 sec this turn | 310 sec total


|
|switch|p1a: Whips don't lie|Ferrothorn, F|352\/352
|move|p2a: Hoopa|Hyperspace Fury|p1a: Whips don't lie
|-damage|p1a: Whips don't lie|196\/352
|-unboost|p2a: Hoopa|def|1
|
|-heal|p1a: Whips don't lie|218\/352|[from] item: Leftovers
|upkeep
|turn|17


|inactive|Time left: 150 sec this turn | 315 sec total


|
|switch|p2a: Zapdos|Zapdos|100\/100
|move|p1a: Whips don't lie|Stealth Rock|p2a: Zapdos
|-sidestart|p2: granrobulo|move: Stealth Rock
|
|-heal|p1a: Whips don't lie|240\/352|[from] item: Leftovers
|upkeep
|turn|18


|inactive|Time left: 150 sec this turn | 325 sec total


|
|switch|p1a: R34 Lusamine|Nihilego|360\/360
|move|p2a: Zapdos|Defog|p1a: R34 Lusamine
|-unboost|p1a: R34 Lusamine|evasion|1
|-sideend|p2: granrobulo|Stealth Rock|[from] move: Defog|[of] p2a: Zapdos
|
|upkeep
|turn|19


|inactive|Time left: 150 sec this turn | 330 sec total


|
|switch|p2a: Hoopa|Hoopa-Unbound|76\/100
|move|p1a: R34 Lusamine|Sludge Wave|p2a: Hoopa
|-damage|p2a: Hoopa|48\/100
|
|upkeep
|turn|20


|inactive|Time left: 150 sec this turn | 340 sec total


|
|switch|p1a: Whips don't lie|Ferrothorn, F|240\/352
|move|p2a: Hoopa|Drain Punch|p1a: Whips don't lie
|-supereffective|p1a: Whips don't lie
|-damage|p1a: Whips don't lie|72\/352
|-heal|p2a: Hoopa|76\/100|[from] drain|[of] p1a: Whips don't lie
|-damage|p2a: Hoopa|64\/100|[from] ability: Iron Barbs|[of] p1a: Whips don't lie
|
|-heal|p1a: Whips don't lie|94\/352|[from] item: Leftovers
|upkeep
|turn|21


|inactive|Time left: 150 sec this turn | 350 sec total


|
|move|p2a: Hoopa|Hyperspace Fury|p1a: Whips don't lie
|-damage|p1a: Whips don't lie|0 fnt
|-unboost|p2a: Hoopa|def|1
|faint|p1a: Whips don't lie
|
|upkeep


|inactive|Time left: 150 sec this turn | 350 sec total


|
|switch|p1a: Swords Dance|Scizor-Mega, M|32\/344
|turn|22


|inactive|Time left: 150 sec this turn | 360 sec total


|
|switch|p2a: Zapdos|Zapdos|100\/100
|move|p1a: Swords Dance|Roost|p1a: Swords Dance
|-heal|p1a: Swords Dance|204\/344
|
|upkeep
|turn|23


|inactive|Time left: 150 sec this turn | 370 sec total


|
|switch|p1a: R34 Lusamine|Nihilego|360\/360
|move|p2a: Zapdos|Thunderbolt|p1a: R34 Lusamine
|-damage|p1a: R34 Lusamine|254\/360
|
|upkeep
|turn|24


|inactive|Time left: 150 sec this turn | 380 sec total


|
|switch|p2a: Hoopa|Hoopa-Unbound|64\/100
|move|p1a: R34 Lusamine|Sludge Wave|p2a: Hoopa
|-damage|p2a: Hoopa|35\/100
|-status|p2a: Hoopa|psn
|
|-damage|p2a: Hoopa|22\/100 psn|[from] psn
|upkeep
|turn|25


|inactive|Time left: 150 sec this turn | 385 sec total


|
|move|p1a: R34 Lusamine|Sludge Wave|p2a: Hoopa
|-crit|p2a: Hoopa
|-damage|p2a: Hoopa|0 fnt
|faint|p2a: Hoopa
|-ability|p1a: R34 Lusamine|Beast Boost|boost
|-boost|p1a: R34 Lusamine|spa|1
|
|upkeep


|inactive|Time left: 150 sec this turn | 395 sec total


|
|switch|p2a: Charizard|Charizard-Mega-X, M|100\/100
|turn|26


|inactive|Time left: 150 sec this turn | 405 sec total


|
|move|p1a: R34 Lusamine|Sludge Wave|p2a: Charizard
|-damage|p2a: Charizard|0 fnt
|faint|p2a: Charizard
|-ability|p1a: R34 Lusamine|Beast Boost|boost
|-boost|p1a: R34 Lusamine|spa|1
|
|upkeep


|inactive|Time left: 150 sec this turn | 415 sec total


|-message|granrobulo forfeited.



|
|win|ass grabbin


|inactive|Time left: 150 sec this turn | 425 sec total

||Ladder updating...


|l|☆granrobulo

</script>
</div>
<div class="battle-log battle-log-inline"><div class="inner"><div class="chat"><small>☆ass grabbin joined.</small></div><div class="chat"><small>☆granrobulo joined.</small></div><div style="padding:5px 0"><small>Format:</small> <br><strong>[Gen 7] OU</strong></div><div class="rated"><strong>Rated battle</strong></div><div><small><em>Sleep Clause Mod:</em> Limit one foe put to sleep</small></div><div><small><em>Species Clause:</em> Limit one of each Pokémon</small></div><div><small><em>OHKO Clause:</em> OHKO moves are banned</small></div><div><small><em>Moody Clause:</em> Moody is banned</small></div><div><small><em>Evasion Moves Clause:</em> Evasion moves are banned</small></div><div><small><em>Endless Battle Clause:</em> Forcing endless battles is banned</small></div><div><small><em>HP Percentage Mod:</em> HP is shown in percentages</small></div><div class="chat"><strong>ass grabbin's team:</strong> <em style="color:#445566;display:block;">Zapdos / Garchomp / Greninja / Nihilego / Ferrothorn / Scizor</em></div><div class="chat"><strong>granrobulo's team:</strong> <em style="color:#445566;display:block;">Charizard / Hoopa-Unbound / Landorus-Therian / Zapdos / Victini / Tangrowth</em></div><div>Battle between ass grabbin and granrobulo started!</div><div class="spacer battle-history"></div><div class="battle-history">Go! <span class="battle-nickname" title="Greninja">Flexicution <small>(Greninja)</small></span>!</div><div class="spacer battle-history"></div><div class="battle-history">granrobulo sent out Victini!</div><h2 class="battle-history">Turn 1</h2><div class="spacer battle-history"></div><div class="battle-history">granrobulo withdrew Victini!</div><div class="battle-history">granrobulo sent out Tangrowth!</div><div class="spacer battle-history"></div><div class="battle-history"><span class="battle-nickname" title="Greninja">Flexicution</span> used <strong>Dark Pulse</strong>!</div><div class="battle-history"><small>The opposing <span class="battle-nickname-foe" title="Tangrowth">Tangrowth</span> lost 31% of its health!</small><br></div><h2 class="battle-history">Turn 2</h2><div class="chat message-error">Battle timer is ON: inactive players will automatically lose when time's up. (requested by granrobulo)</div><div class="spacer battle-history"></div><div class="battle-history"><span class="battle-nickname" title="Greninja">Flexicution</span>, come back!</div><div class="battle-history">Go! <span class="battle-nickname" title="Ferrothorn">Whips don't lie <small>(Ferrothorn)</small></span>!</div><div class="spacer battle-history"></div><div class="battle-history">granrobulo withdrew Tangrowth!</div><div class="battle-history">granrobulo sent out Victini!</div><h2 class="battle-history">Turn 3</h2><div class="spacer battle-history"></div><div class="battle-history"><span class="battle-nickname" title="Ferrothorn">Whips don't lie</span>, come back!</div><div class="battle-history">Go! <span class="battle-nickname" title="Garchomp">Zygarde sux <small>(Garchomp)</small></span>!</div><div class="spacer battle-history"></div><div class="battle-history"><small>The opposing <span class="battle-nickname-foe" title="Victini">Victini</span> surrounded itself with its Z-Power! </small></div><div class="battle-history">The opposing <span class="battle-nickname-foe" title="Victini">Victini</span> used <strong>Z-Celebrate</strong>!</div><div class="battle-history"><small>The opposing <span class="battle-nickname-foe" title="Victini">Victini</span> boosted its stats using its Z-Power! </small></div><div class="battle-history"><small>Congratulations, granrobulo!</small></div><div class="battle-history"><small>But it failed!</small></div><h2 class="battle-history">Turn 4</h2><div class="spacer battle-history"></div><div class="battle-history">The opposing <span class="battle-nickname-foe" title="Victini">Victini</span> used <strong>Hidden Power</strong>!</div><div class="battle-history"><small>It's super effective! <br></small><small><span class="battle-nickname" title="Garchomp">Zygarde sux</span> lost <abbr title="−357/357">100%</abbr> of its health!</small><br></div><div class="spacer battle-history"></div><div class="battle-history"><span class="battle-nickname" title="Garchomp">Zygarde sux</span> fainted!</div><div class="chat message-error">ass grabbin has 135 seconds left.</div><div class="spacer battle-history"></div><div class="battle-history">Go! <span class="battle-nickname" title="Greninja">Flexicution <small>(Greninja)</small></span>!</div><h2 class="battle-history">Turn 5</h2><div class="spacer battle-history"></div><div class="battle-history"><span class="battle-nickname" title="Greninja">Flexicution</span> used <strong>Water Shuriken</strong>!</div><div class="battle-history"><small>It's super effective! <br></small><small>The opposing <span class="battle-nickname-foe" title="Victini">Victini</span> lost 14% of its health!</small><br></div><div class="battle-history"><small>It's super effective! <br></small><small>The opposing <span class="battle-nickname-foe" title="Victini">Victini</span> lost 14% of its health!</small><br></div><div class="battle-history"><small>It's super effective! <br></small><small>The opposing <span class="battle-nickname-foe" title="Victini">Victini</span> lost 13% of its health!</small><br></div><div class="battle-history"><small>Hit 3 times!</small></div><div class="spacer battle-history"></div><div class="battle-history">The opposing <span class="battle-nickname-foe" title="Victini">Victini</span> used <strong>Searing Shot</strong>!</div><div class="battle-history"><small>It's not very effective... <br></small><small><span class="battle-nickname" title="Greninja">Flexicution</span> lost <abbr title="−144/285">50.5%</abbr> of its health!</small><br></div><div class="battle-history"><small><span class="battle-nickname" title="Greninja">Flexicution</span> was burned!</small></div><div class="spacer battle-history"></div><div class="battle-history"><small><span class="battle-nickname" title="Greninja">Flexicution</span> was hurt by its burn! </small></div><h2 class="battle-history">Turn 6</h2><div class="spacer battle-history"></div><div class="battle-history"><span class="battle-nickname" title="Greninja">Flexicution</span> used <strong>Water Shuriken</strong>!</div><div class="battle-history"><small>It's super effective! <br></small><small>The opposing <span class="battle-nickname-foe" title="Victini">Victini</span> lost 14% of its health!</small><br></div><div class="battle-history"><small>It's super effective! <br></small><small>The opposing <span class="battle-nickname-foe" title="Victini">Victini</span> lost 16% of its health!</small><br></div><div class="battle-history"><small>Hit 2 times!</small></div><div class="spacer battle-history"></div><div class="battle-history">The opposing <span class="battle-nickname-foe" title="Victini">Victini</span> used <strong>Searing Shot</strong>!</div><div class="battle-history"><small>It's not very effective... <br></small><small><span class="battle-nickname" title="Greninja">Flexicution</span> lost <abbr title="−124/285">43.5%</abbr> of its health!</small><br></div><div class="spacer battle-history"></div><div class="battle-history"><span class="battle-nickname" title="Greninja">Flexicution</span> fainted!</div><div class="spacer battle-history"></div><div class="battle-history">Go! <span class="battle-nickname" title="Nihilego">R34 Lusamine <small>(Nihilego)</small></span>!</div><h2 class="battle-history">Turn 7</h2><div class="spacer battle-history"></div><div class="battle-history"><span class="battle-nickname" title="Nihilego">R34 Lusamine</span> used <strong>Power Gem</strong>!</div><div class="battle-history"><small>It's super effective! <br></small><small>The opposing <span class="battle-nickname-foe" title="Victini">Victini</span> lost 28% of its health!</small><br></div><div class="spacer battle-history"></div><div class="battle-history">The opposing <span class="battle-nickname-foe" title="Victini">Victini</span> fainted!</div><div class="battle-history"><small>[<span class="battle-nickname" title="Nihilego">R34 Lusamine</span>'s Beast Boost!]</small></div><div class="battle-history"><small><span class="battle-nickname" title="Nihilego">R34 Lusamine</span>'s Special Attack rose! </small></div><div class="spacer battle-history"></div><div class="battle-history">granrobulo sent out Tangrowth!</div><h2 class="battle-history">Turn 8</h2><div class="spacer battle-history"></div><div class="battle-history"><span class="battle-nickname" title="Nihilego">R34 Lusamine</span>, come back!</div><div class="battle-history">Go! <span class="battle-nickname" title="Scizor">Swords Dance <small>(Scizor)</small></span>!</div><div class="spacer battle-history"></div><div class="battle-history">granrobulo withdrew Tangrowth!</div><div class="battle-history">granrobulo sent out <span class="battle-nickname-foe" title="Landorus-Therian">Landorus <small>(Landorus-Therian)</small></span>!</div><div class="battle-history"><small>[Opposing <span class="battle-nickname-foe" title="Landorus-Therian">Landorus</span>'s Intimidate!]</small></div><div class="battle-history"><small><span class="battle-nickname" title="Scizor">Swords Dance</span>'s Attack fell! </small></div><h2 class="battle-history">Turn 9</h2><div class="spacer battle-history"></div><div class="battle-history"><span class="battle-nickname" title="Scizor">Swords Dance</span>, come back!</div><div class="battle-history">Go! <span class="battle-nickname" title="Zapdos">Bodak Yellow <small>(Zapdos)</small></span>!</div><div class="spacer battle-history"></div><div class="battle-history">The opposing <span class="battle-nickname-foe" title="Landorus-Therian">Landorus</span> used <strong>Swords Dance</strong>!</div><div class="battle-history"><small>The opposing <span class="battle-nickname-foe" title="Landorus-Therian">Landorus</span>'s Attack rose sharply! </small></div><h2 class="battle-history">Turn 10</h2><div class="spacer battle-history"></div><div class="battle-history">The opposing <span class="battle-nickname-foe" title="Landorus-Therian">Landorus</span> used <strong>Stone Edge</strong>!</div><div class="battle-history"><small>It's super effective! <br></small><small><span class="battle-nickname" title="Zapdos">Bodak Yellow</span> lost <abbr title="−383/383">100%</abbr> of its health!</small><br></div><div class="spacer battle-history"></div><div class="battle-history"><span class="battle-nickname" title="Zapdos">Bodak Yellow</span> fainted!</div><div class="spacer battle-history"></div><div class="battle-history">Go! <span class="battle-nickname" title="Scizor">Swords Dance <small>(Scizor)</small></span>!</div><h2 class="battle-history">Turn 11</h2><div class="spacer battle-history"></div><div class="battle-history"><small><span class="battle-nickname" title="Scizor">Swords Dance</span>'s Scizorite is reacting to the Key Stone!<br><span class="battle-nickname" title="Scizor">Swords Dance</span> has Mega Evolved into Mega Scizor!</small></div><div class="spacer battle-history"></div><div class="battle-history"><span class="battle-nickname" title="Scizor-Mega">Swords Dance</span> used <strong>Bullet Punch</strong>!</div><div class="battle-history"><small>The opposing <span class="battle-nickname-foe" title="Landorus-Therian">Landorus</span> lost 46% of its health!</small><br></div><div class="spacer battle-history"></div><div class="battle-history">The opposing <span class="battle-nickname-foe" title="Landorus-Therian">Landorus</span> used <strong>Earthquake</strong>!</div><div class="battle-history"><small><span class="battle-nickname" title="Scizor-Mega">Swords Dance</span> lost <abbr title="−312/344">90.7%</abbr> of its health!</small><br></div><h2 class="battle-history">Turn 12</h2><div class="spacer battle-history"></div><div class="battle-history"><span class="battle-nickname" title="Scizor-Mega">Swords Dance</span> used <strong>Bullet Punch</strong>!</div><div class="battle-history"><small>The opposing <span class="battle-nickname-foe" title="Landorus-Therian">Landorus</span> lost 43% of its health!</small><br></div><div class="battle-history"><small>The opposing <span class="battle-nickname-foe" title="Landorus-Therian">Landorus</span> ate its Sitrus Berry!</small></div><div class="battle-history"><small>The opposing <span class="battle-nickname-foe" title="Landorus-Therian">Landorus</span> restored HP using its Sitrus Berry!</small></div><div class="spacer battle-history"></div><div class="battle-history">The opposing <span class="battle-nickname-foe" title="Landorus-Therian">Landorus</span> used <strong>Rock Polish</strong>!</div><div class="battle-history"><small>The opposing <span class="battle-nickname-foe" title="Landorus-Therian">Landorus</span>'s Speed rose sharply! </small></div><h2 class="battle-history">Turn 13</h2><div class="chat message-error">[Invalid choice] There's nothing to cancel</div><div class="chat message-error">[Invalid choice] Sorry, too late to make a different move; the next turn has already started</div><div class="chat"><small> FAT LADS joined.</small></div><div class="spacer battle-history"></div><div class="battle-history"><span class="battle-nickname" title="Scizor-Mega">Swords Dance</span> used <strong>Bullet Punch</strong>!</div><div class="battle-history"><small>The opposing <span class="battle-nickname-foe" title="Landorus-Therian">Landorus</span> lost 36% of its health!</small><br></div><div class="spacer battle-history"></div><div class="battle-history">The opposing <span class="battle-nickname-foe" title="Landorus-Therian">Landorus</span> fainted!</div><div class="spacer battle-history"></div><div class="battle-history">granrobulo sent out Charizard!</div><h2 class="battle-history">Turn 14</h2><div class="chat message-error">ass grabbin has 135 seconds left.</div><div class="spacer battle-history"></div><div class="battle-history"><span class="battle-nickname" title="Scizor-Mega">Swords Dance</span>, come back!</div><div class="battle-history">Go! <span class="battle-nickname" title="Nihilego">R34 Lusamine <small>(Nihilego)</small></span>!</div><div class="battle-history"><small>The opposing <span class="battle-nickname-foe" title="Charizard">Charizard</span>'s Charizardite X is reacting to the Key Stone!<br>The opposing <span class="battle-nickname-foe" title="Charizard">Charizard</span> has Mega Evolved into Mega Charizard!</small></div><div class="spacer battle-history"></div><div class="battle-history">The opposing <span class="battle-nickname-foe" title="Charizard-Mega-X">Charizard</span> used <strong>Dragon Dance</strong>!</div><div class="battle-history"><small>The opposing <span class="battle-nickname-foe" title="Charizard-Mega-X">Charizard</span>'s Attack rose! <br>The opposing <span class="battle-nickname-foe" title="Charizard-Mega-X">Charizard</span>'s Speed rose! </small></div><h2 class="battle-history">Turn 15</h2><div class="spacer battle-history"></div><div class="battle-history">granrobulo withdrew <span class="battle-nickname-foe" title="Charizard-Mega-X">Charizard <small>(Charizard-Mega-X)</small></span>!</div><div class="battle-history">granrobulo sent out <span class="battle-nickname-foe" title="Hoopa-Unbound">Hoopa <small>(Hoopa-Unbound)</small></span>!</div><div class="spacer battle-history"></div><div class="battle-history"><span class="battle-nickname" title="Nihilego">R34 Lusamine</span> used <strong>Power Gem</strong>!</div><div class="battle-history"><small>The opposing <span class="battle-nickname-foe" title="Hoopa-Unbound">Hoopa</span> lost 24% of its health!</small><br></div><h2 class="battle-history">Turn 16</h2><div class="spacer battle-history"></div><div class="battle-history"><span class="battle-nickname" title="Nihilego">R34 Lusamine</span>, come back!</div><div class="battle-history">Go! <span class="battle-nickname" title="Ferrothorn">Whips don't lie <small>(Ferrothorn)</small></span>!</div><div class="spacer battle-history"></div><div class="battle-history">The opposing <span class="battle-nickname-foe" title="Hoopa-Unbound">Hoopa</span> used <strong>Hyperspace Fury</strong>!</div><div class="battle-history"><small><span class="battle-nickname" title="Ferrothorn">Whips don't lie</span> lost <abbr title="−156/352">44.3%</abbr> of its health!</small><br></div><div class="battle-history"><small>The opposing <span class="battle-nickname-foe" title="Hoopa-Unbound">Hoopa</span>'s Defense fell! </small></div><div class="spacer battle-history"></div><div class="battle-history"><small><span class="battle-nickname" title="Ferrothorn">Whips don't lie</span> restored a little HP using its Leftovers!</small></div><h2 class="battle-history">Turn 17</h2><div class="spacer battle-history"></div><div class="battle-history">granrobulo withdrew <span class="battle-nickname-foe" title="Hoopa-Unbound">Hoopa <small>(Hoopa-Unbound)</small></span>!</div><div class="battle-history">granrobulo sent out Zapdos!</div><div class="spacer battle-history"></div><div class="battle-history"><span class="battle-nickname" title="Ferrothorn">Whips don't lie</span> used <strong>Stealth Rock</strong>!</div><div class="battle-history"><small>Pointed stones float in the air around the opposing team!</small></div><div class="spacer battle-history"></div><div class="battle-history"><small><span class="battle-nickname" title="Ferrothorn">Whips don't lie</span> restored a little HP using its Leftovers!</small></div><h2 class="battle-history">Turn 18</h2><div class="spacer battle-history"></div><div class="battle-history"><span class="battle-nickname" title="Ferrothorn">Whips don't lie</span>, come back!</div><div class="battle-history">Go! <span class="battle-nickname" title="Nihilego">R34 Lusamine <small>(Nihilego)</small></span>!</div><div class="spacer battle-history"></div><div class="battle-history">The opposing <span class="battle-nickname-foe" title="Zapdos">Zapdos</span> used <strong>Defog</strong>!</div><div class="battle-history"><small><span class="battle-nickname" title="Nihilego">R34 Lusamine</span>'s evasiveness fell! </small></div><div class="battle-history"><small>The pointed stones disappeared from around the opposing team!</small></div><h2 class="battle-history">Turn 19</h2><div class="spacer battle-history"></div><div class="battle-history">granrobulo withdrew Zapdos!</div><div class="battle-history">granrobulo sent out <span class="battle-nickname-foe" title="Hoopa-Unbound">Hoopa <small>(Hoopa-Unbound)</small></span>!</div><div class="spacer battle-history"></div><div class="battle-history"><span class="battle-nickname" title="Nihilego">R34 Lusamine</span> used <strong>Sludge Wave</strong>!</div><div class="battle-history"><small>The opposing <span class="battle-nickname-foe" title="Hoopa-Unbound">Hoopa</span> lost 28% of its health!</small><br></div><h2 class="battle-history">Turn 20</h2><div class="spacer battle-history"></div><div class="battle-history"><span class="battle-nickname" title="Nihilego">R34 Lusamine</span>, come back!</div><div class="battle-history">Go! <span class="battle-nickname" title="Ferrothorn">Whips don't lie <small>(Ferrothorn)</small></span>!</div><div class="spacer battle-history"></div><div class="battle-history">The opposing <span class="battle-nickname-foe" title="Hoopa-Unbound">Hoopa</span> used <strong>Drain Punch</strong>!</div><div class="battle-history"><small>It's super effective! <br></small><small><span class="battle-nickname" title="Ferrothorn">Whips don't lie</span> lost <abbr title="−167/352">47.4%</abbr> of its health!</small><br></div><div class="battle-history"><small><span class="battle-nickname" title="Ferrothorn">Whips don't lie</span> had its energy drained!</small></div><div class="battle-history"><small>[<span class="battle-nickname" title="Ferrothorn">Whips don't lie</span>'s Iron Barbs!]</small></div><div class="battle-history"><small>The opposing <span class="battle-nickname-foe" title="Hoopa-Unbound">Hoopa</span> was hurt! </small></div><div class="spacer battle-history"></div><div class="battle-history"><small><span class="battle-nickname" title="Ferrothorn">Whips don't lie</span> restored a little HP using its Leftovers!</small></div><h2 class="battle-history">Turn 21</h2><div class="spacer battle-history"></div><div class="battle-history">The opposing <span class="battle-nickname-foe" title="Hoopa-Unbound">Hoopa</span> used <strong>Hyperspace Fury</strong>!</div><div class="battle-history"><small><span class="battle-nickname" title="Ferrothorn">Whips don't lie</span> lost <abbr title="−94/352">26.7%</abbr> of its health!</small><br></div><div class="battle-history"><small>The opposing <span class="battle-nickname-foe" title="Hoopa-Unbound">Hoopa</span>'s Defense fell! </small></div><div class="spacer battle-history"></div><div class="battle-history"><span class="battle-nickname" title="Ferrothorn">Whips don't lie</span> fainted!</div><div class="spacer battle-history"></div><div class="battle-history">Go! <span class="battle-nickname" title="Scizor-Mega">Swords Dance <small>(Scizor-Mega)</small></span>!</div><h2 class="battle-history">Turn 22</h2><div class="spacer battle-history"></div><div class="battle-history">granrobulo withdrew <span class="battle-nickname-foe" title="Hoopa-Unbound">Hoopa <small>(Hoopa-Unbound)</small></span>!</div><div class="battle-history">granrobulo sent out Zapdos!</div><div class="spacer battle-history"></div><div class="battle-history"><span class="battle-nickname" title="Scizor-Mega">Swords Dance</span> used <strong>Roost</strong>!</div><div class="battle-history"><small><span class="battle-nickname" title="Scizor-Mega">Swords Dance</span> restored its HP.</small></div><h2 class="battle-history">Turn 23</h2><div class="spacer battle-history"></div><div class="battle-history"><span class="battle-nickname" title="Scizor-Mega">Swords Dance</span>, come back!</div><div class="battle-history">Go! <span class="battle-nickname" title="Nihilego">R34 Lusamine <small>(Nihilego)</small></span>!</div><div class="spacer battle-history"></div><div class="battle-history">The opposing <span class="battle-nickname-foe" title="Zapdos">Zapdos</span> used <strong>Thunderbolt</strong>!</div><div class="battle-history"><small><span class="battle-nickname" title="Nihilego">R34 Lusamine</span> lost <abbr title="−106/360">29.4%</abbr> of its health!</small><br></div><h2 class="battle-history">Turn 24</h2><div class="spacer battle-history"></div><div class="battle-history">granrobulo withdrew Zapdos!</div><div class="battle-history">granrobulo sent out <span class="battle-nickname-foe" title="Hoopa-Unbound">Hoopa <small>(Hoopa-Unbound)</small></span>!</div><div class="spacer battle-history"></div><div class="battle-history"><span class="battle-nickname" title="Nihilego">R34 Lusamine</span> used <strong>Sludge Wave</strong>!</div><div class="battle-history"><small>The opposing <span class="battle-nickname-foe" title="Hoopa-Unbound">Hoopa</span> lost 29% of its health!</small><br></div><div class="battle-history"><small>The opposing <span class="battle-nickname-foe" title="Hoopa-Unbound">Hoopa</span> was poisoned!</small></div><div class="spacer battle-history"></div><div class="battle-history"><small>The opposing <span class="battle-nickname-foe" title="Hoopa-Unbound">Hoopa</span> was hurt by poison! </small></div><h2 class="battle-history">Turn 25</h2><div class="spacer battle-history"></div><div class="battle-history"><span class="battle-nickname" title="Nihilego">R34 Lusamine</span> used <strong>Sludge Wave</strong>!</div><div class="battle-history"><small>A critical hit! <br></small><small>The opposing <span class="battle-nickname-foe" title="Hoopa-Unbound">Hoopa</span> lost 22% of its health!</small><br></div><div class="spacer battle-history"></div><div class="battle-history">The opposing <span class="battle-nickname-foe" title="Hoopa-Unbound">Hoopa</span> fainted!</div><div class="battle-history"><small>[<span class="battle-nickname" title="Nihilego">R34 Lusamine</span>'s Beast Boost!]</small></div><div class="battle-history"><small><span class="battle-nickname" title="Nihilego">R34 Lusamine</span>'s Special Attack rose! </small></div><div class="spacer battle-history"></div><div class="battle-history">granrobulo sent out <span class="battle-nickname-foe" title="Charizard-Mega-X">Charizard <small>(Charizard-Mega-X)</small></span>!</div><h2 class="battle-history">Turn 26</h2><div class="spacer battle-history"></div><div class="battle-history"><span class="battle-nickname" title="Nihilego">R34 Lusamine</span> used <strong>Sludge Wave</strong>!</div><div class="battle-history"><small>The opposing <span class="battle-nickname-foe" title="Charizard-Mega-X">Charizard</span> lost 100% of its health!</small><br></div><div class="spacer battle-history"></div><div class="battle-history">The opposing <span class="battle-nickname-foe" title="Charizard-Mega-X">Charizard</span> fainted!</div><div class="battle-history"><small>[<span class="battle-nickname" title="Nihilego">R34 Lusamine</span>'s Beast Boost!]</small></div><div class="battle-history"><small><span class="battle-nickname" title="Nihilego">R34 Lusamine</span>'s Special Attack rose! </small></div><div class="spacer battle-history"></div><div class="battle-history"><small>granrobulo forfeited.</small></div><div class="spacer battle-history"></div><div class="battle-history">ass grabbin won the battle!</div><div class="chat">Ladder updating...</div><div class="chat"><small>☆granrobulo left.</small></div></div></div>
</div>
<script>
var daily = Math.floor(Date.now()/1000/60/60/24);document.write('<script src="https://play.pokemonshowdown.com/js/replay-embed.js?version'+daily+'"></'+'script>');
</script>
