<!DOCTYPE html>
<meta charset="utf-8" />
<!-- version 1 -->
<title>[Gen 7] OU replay: baddjordan vs. ass grabbin</title>
<style>
html,body {font-family:Verdana, sans-serif;font-size:10pt;margin:0;padding:0;}body{padding:12px 0;} .battle-log {font-family:Verdana, sans-serif;font-size:10pt;} .battle-log-inline {border:1px solid #AAAAAA;background:#EEF2F5;color:black;max-width:640px;margin:0 auto 80px;padding-bottom:5px;} .battle-log .inner {padding:4px 8px 0px 8px;} .battle-log .inner-preempt {padding:0 8px 4px 8px;} .battle-log .inner-after {margin-top:0.5em;} .battle-log h2 {margin:0.5em -8px;padding:4px 8px;border:1px solid #AAAAAA;background:#E0E7EA;border-left:0;border-right:0;font-family:Verdana, sans-serif;font-size:13pt;} .battle-log .chat {vertical-align:middle;padding:3px 0 3px 0;font-size:8pt;} .battle-log .chat strong {color:#40576A;} .battle-log .chat em {padding:1px 4px 1px 3px;color:#000000;font-style:normal;} .chat.mine {background:rgba(0,0,0,0.05);margin-left:-8px;margin-right:-8px;padding-left:8px;padding-right:8px;} .spoiler {color:#BBBBBB;background:#BBBBBB;padding:0px 3px;} .spoiler:hover, .spoiler:active, .spoiler-shown {color:#000000;background:#E2E2E2;padding:0px 3px;} .spoiler a {color:#BBBBBB;} .spoiler:hover a, .spoiler:active a, .spoiler-shown a {color:#2288CC;} .chat code, .chat .spoiler:hover code, .chat .spoiler:active code, .chat .spoiler-shown code {border:1px solid #C0C0C0;background:#EEEEEE;color:black;padding:0 2px;} .chat .spoiler code {border:1px solid #CCCCCC;background:#CCCCCC;color:#CCCCCC;} .battle-log .rated {padding:3px 4px;} .battle-log .rated strong {color:white;background:#89A;padding:1px 4px;border-radius:4px;} .spacer {margin-top:0.5em;} .message-announce {background:#6688AA;color:white;padding:1px 4px 2px;} .message-announce a, .broadcast-green a, .broadcast-blue a, .broadcast-red a {color:#DDEEFF;} .broadcast-green {background-color:#559955;color:white;padding:2px 4px;} .broadcast-blue {background-color:#6688AA;color:white;padding:2px 4px;} .infobox {border:1px solid #6688AA;padding:2px 4px;} .infobox-limited {max-height:200px;overflow:auto;overflow-x:hidden;} .broadcast-red {background-color:#AA5544;color:white;padding:2px 4px;} .message-learn-canlearn {font-weight:bold;color:#228822;text-decoration:underline;} .message-learn-cannotlearn {font-weight:bold;color:#CC2222;text-decoration:underline;} .message-effect-weak {font-weight:bold;color:#CC2222;} .message-effect-resist {font-weight:bold;color:#6688AA;} .message-effect-immune {font-weight:bold;color:#666666;} .message-learn-list {margin-top:0;margin-bottom:0;} .message-throttle-notice, .message-error {color:#992222;} .message-overflow, .chat small.message-overflow {font-size:0pt;} .message-overflow::before {font-size:9pt;content:'...';} .subtle {color:#3A4A66;}
</style>
<div class="wrapper replay-wrapper" style="max-width:1180px;margin:0 auto">
<input type="hidden" name="replayid" value="gen7ou-718783698" />
<div class="battle"></div><div class="battle-log"></div><div class="replay-controls"></div><div class="replay-controls-2"></div>
<h1 style="font-weight:normal;text-align:center"><strong>[Gen 7] OU</strong><br /><a href="http://pokemonshowdown.com/users/baddjordan" class="subtle" target="_blank">baddjordan</a> vs. <a href="http://pokemonshowdown.com/users/assgrabbin" class="subtle" target="_blank">ass grabbin</a></h1>
<script type="text/plain" class="battle-log-data">|j|☆baddjordan
|j|☆ass grabbin


|player|p1|baddjordan|12



|player|p2|ass grabbin|70
|teamsize|p1|6
|teamsize|p2|6
|gametype|singles
|gen|7
|tier|[Gen 7] OU
|rated|
|seed|
|rule|Sleep Clause Mod: Limit one foe put to sleep
|rule|Species Clause: Limit one of each Pokémon
|rule|OHKO Clause: OHKO moves are banned
|rule|Moody Clause: Moody is banned
|rule|Evasion Moves Clause: Evasion moves are banned
|rule|Endless Battle Clause: Forcing endless battles is banned
|rule|HP Percentage Mod: HP is shown in percentages
|clearpoke
|poke|p1|Tapu Bulu|item
|poke|p1|Greninja, M|item
|poke|p1|Hawlucha, F|item
|poke|p1|Tapu Koko|item
|poke|p1|Charizard, F|item
|poke|p1|Landorus-Therian, M|item
|poke|p2|Zapdos|item
|poke|p2|Zygarde|item
|poke|p2|Greninja, M|item
|poke|p2|Nihilego|item
|poke|p2|Ferrothorn, F|item
|poke|p2|Scizor, M|item
|teampreview


|inactive|Time left: 150 sec this turn | 220 sec total


|inactive|Battle timer is ON: inactive players will automatically lose when time's up. (requested by ass grabbin)



|
|start
|switch|p1a: Tapu Koko|Tapu Koko|100\/100
|switch|p2a: Ferrothorn|Ferrothorn, F|352\/352
|-fieldstart|move: Electric Terrain|[from] ability: Electric Surge|[of] p1a: Tapu Koko
|turn|1


|inactive|Time left: 150 sec this turn | 230 sec total


|
|switch|p1a: Charizard|Charizard, F|100\/100
|move|p2a: Ferrothorn|Leech Seed|p1a: Charizard
|-start|p1a: Charizard|move: Leech Seed
|
|-damage|p1a: Charizard|88\/100|[from] Leech Seed|[of] p2a: Ferrothorn
|upkeep
|turn|2


|inactive|Time left: 150 sec this turn | 240 sec total


|
|switch|p2a: Nihilego|Nihilego|360\/360
|-mega|p1a: Charizard|Charizard|Charizardite X
|detailschange|p1a: Charizard|Charizard-Mega-X, F
|move|p1a: Charizard|Flare Blitz|p2a: Nihilego
|-resisted|p2a: Nihilego
|-crit|p2a: Nihilego
|-damage|p2a: Nihilego|0 fnt
|-damage|p1a: Charizard|50\/100|[from] Recoil
|faint|p2a: Nihilego
|
|upkeep


|inactive|Time left: 150 sec this turn | 250 sec total


|
|switch|p2a: Greninja|Greninja, M|285\/285
|turn|3


|inactive|Time left: 150 sec this turn | 255 sec total


|
|switch|p1a: Tapu Bulu|Tapu Bulu|100\/100
|-fieldstart|move: Grassy Terrain|[from] ability: Grassy Surge|[of] p1a: Tapu Bulu
|move|p2a: Greninja|Spikes|p1a: Tapu Bulu
|-sidestart|p1: baddjordan|Spikes
|
|upkeep
|turn|4


|inactive|Time left: 150 sec this turn | 265 sec total


|
|switch|p2a: Scizor|Scizor, M|344\/344
|switch|p1a: Charizard|Charizard-Mega-X, F|50\/100
|-damage|p1a: Charizard|37\/100|[from] Spikes
|
|-heal|p1a: Charizard|43\/100|[from] Grassy Terrain
|upkeep
|turn|5


|inactive|Time left: 150 sec this turn | 275 sec total


|
|switch|p2a: Zapdos|Zapdos|383\/383
|move|p1a: Charizard|Defog|p2a: Zapdos
|-unboost|p2a: Zapdos|evasion|1
|-sideend|p1: baddjordan|Spikes|[from] move: Defog|[of] p1a: Charizard
|
|-heal|p1a: Charizard|50\/100|[from] Grassy Terrain
|upkeep
|turn|6


|inactive|Time left: 150 sec this turn | 280 sec total


|
|move|p1a: Charizard|Roost|p1a: Charizard
|-heal|p1a: Charizard|99\/100
|move|p2a: Zapdos|Discharge|p1a: Charizard
|-resisted|p1a: Charizard
|-damage|p1a: Charizard|79\/100
|
|-heal|p1a: Charizard|85\/100|[from] Grassy Terrain
|upkeep
|turn|7


|inactive|Time left: 150 sec this turn | 290 sec total


|
|switch|p1a: Tapu Koko|Tapu Koko|100\/100
|-fieldstart|move: Electric Terrain|[from] ability: Electric Surge|[of] p1a: Tapu Koko
|move|p2a: Zapdos|Discharge|p1a: Tapu Koko
|-resisted|p1a: Tapu Koko
|-damage|p1a: Tapu Koko|75\/100
|
|upkeep
|turn|8


|inactive|Time left: 150 sec this turn | 300 sec total


|
|switch|p2a: Ferrothorn|Ferrothorn, F|352\/352
|move|p1a: Tapu Koko|Thunderbolt|p2a: Ferrothorn
|-resisted|p2a: Ferrothorn
|-damage|p2a: Ferrothorn|250\/352
|
|-heal|p2a: Ferrothorn|272\/352|[from] item: Leftovers
|upkeep
|turn|9


|inactive|Time left: 150 sec this turn | 310 sec total


|
|move|p1a: Tapu Koko|Thunderbolt|p2a: Ferrothorn
|-resisted|p2a: Ferrothorn
|-damage|p2a: Ferrothorn|152\/352
|-status|p2a: Ferrothorn|par
|move|p2a: Ferrothorn|Stealth Rock|p1a: Tapu Koko
|-sidestart|p1: baddjordan|move: Stealth Rock
|
|-heal|p2a: Ferrothorn|174\/352 par|[from] item: Leftovers
|upkeep
|turn|10


|inactive|Time left: 150 sec this turn | 320 sec total


|
|move|p1a: Tapu Koko|Thunderbolt|p2a: Ferrothorn
|-resisted|p2a: Ferrothorn
|-damage|p2a: Ferrothorn|72\/352 par
|cant|p2a: Ferrothorn|par
|
|-heal|p2a: Ferrothorn|94\/352 par|[from] item: Leftovers
|upkeep
|turn|11


|inactive|Time left: 150 sec this turn | 330 sec total


|
|switch|p1a: Landorus|Landorus-Therian, M|100\/100
|-damage|p1a: Landorus|88\/100|[from] Stealth Rock
|-ability|p1a: Landorus|Intimidate|boost
|-unboost|p2a: Ferrothorn|atk|1
|move|p2a: Ferrothorn|Leech Seed|p1a: Landorus
|-start|p1a: Landorus|move: Leech Seed
|
|-heal|p2a: Ferrothorn|116\/352 par|[from] item: Leftovers
|-damage|p1a: Landorus|76\/100|[from] Leech Seed|[of] p2a: Ferrothorn
|-heal|p2a: Ferrothorn|163\/352 par|[silent]
|-fieldend|move: Electric Terrain
|upkeep
|turn|12


|inactive|Time left: 150 sec this turn | 335 sec total


|
|switch|p1a: Charizard|Charizard-Mega-X, F|85\/100
|-damage|p1a: Charizard|60\/100|[from] Stealth Rock
|move|p2a: Ferrothorn|Power Whip|p1a: Charizard
|-resisted|p1a: Charizard
|-damage|p1a: Charizard|53\/100
|
|-heal|p2a: Ferrothorn|185\/352 par|[from] item: Leftovers
|upkeep
|turn|13


|inactive|Time left: 150 sec this turn | 345 sec total


|
|move|p1a: Charizard|Defog|p2a: Ferrothorn
|-unboost|p2a: Ferrothorn|evasion|1
|-sideend|p1: baddjordan|Stealth Rock|[from] move: Defog|[of] p1a: Charizard
|move|p2a: Ferrothorn|Thunder Wave|p1a: Charizard
|-status|p1a: Charizard|par
|
|-heal|p2a: Ferrothorn|207\/352 par|[from] item: Leftovers
|upkeep
|turn|14


|inactive|Time left: 150 sec this turn | 350 sec total


|
|switch|p2a: Zapdos|Zapdos|383\/383
|move|p1a: Charizard|Flare Blitz|p2a: Zapdos
|-damage|p2a: Zapdos|139\/383
|-damage|p1a: Charizard|27\/100 par|[from] Recoil
|
|-heal|p2a: Zapdos|162\/383|[from] item: Leftovers
|upkeep
|turn|15


|inactive|Time left: 150 sec this turn | 360 sec total


|
|move|p2a: Zapdos|Roost|p2a: Zapdos
|-heal|p2a: Zapdos|354\/383
|cant|p1a: Charizard|par
|
|-heal|p2a: Zapdos|377\/383|[from] item: Leftovers
|upkeep
|turn|16


|inactive|Time left: 150 sec this turn | 365 sec total


|
|switch|p2a: Zygarde|Zygarde|358\/358
|-ability|p2a: Zygarde|Aura Break
|move|p1a: Charizard|Roost|p1a: Charizard
|-heal|p1a: Charizard|77\/100 par
|
|upkeep
|turn|17


|inactive|Time left: 150 sec this turn | 370 sec total


|
|switch|p1a: Tapu Bulu|Tapu Bulu|100\/100
|-fieldstart|move: Grassy Terrain|[from] ability: Grassy Surge|[of] p1a: Tapu Bulu
|move|p2a: Zygarde|Thousand Arrows|p1a: Tapu Bulu
|-resisted|p1a: Tapu Bulu
|-damage|p1a: Tapu Bulu|76\/100
|
|-heal|p1a: Tapu Bulu|82\/100|[from] Grassy Terrain
|upkeep
|turn|18


|inactive|Time left: 150 sec this turn | 375 sec total


|j| dragon24697


Spectators ignored.
Opponent ignored.

|
|switch|p2a: Scizor|Scizor, M|344\/344
|move|p1a: Tapu Bulu|Swords Dance|p1a: Tapu Bulu
|-boost|p1a: Tapu Bulu|atk|2
|
|-heal|p1a: Tapu Bulu|88\/100|[from] Grassy Terrain
|upkeep
|turn|19


|inactive|Time left: 150 sec this turn | 385 sec total


|
|-mega|p2a: Scizor|Scizor|Scizorite
|detailschange|p2a: Scizor|Scizor-Mega, M
|-zpower|p1a: Tapu Bulu
|move|p1a: Tapu Bulu|Continental Crush|p2a: Scizor|[zeffect]
|-damage|p2a: Scizor|5\/344
|move|p2a: Scizor|Knock Off|p1a: Tapu Bulu
|-resisted|p1a: Tapu Bulu
|-damage|p1a: Tapu Bulu|74\/100
|
|-heal|p1a: Tapu Bulu|80\/100|[from] Grassy Terrain
|-heal|p2a: Scizor|26\/344|[from] Grassy Terrain
|upkeep
|turn|20


|inactive|Time left: 150 sec this turn | 390 sec total


|
|switch|p1a: Landorus|Landorus-Therian, M|76\/100
|-ability|p1a: Landorus|Intimidate|boost
|-unboost|p2a: Scizor|atk|1
|move|p2a: Scizor|Bullet Punch|p1a: Landorus
|-damage|p1a: Landorus|56\/100
|-damage|p2a: Scizor|0 fnt|[from] item: Rocky Helmet|[of] p1a: Landorus
|faint|p2a: Scizor
|
|upkeep


|inactive|Time left: 150 sec this turn | 400 sec total


|
|switch|p2a: Greninja|Greninja, M|285\/285
|turn|21


|inactive|Time left: 150 sec this turn | 410 sec total


|
|switch|p2a: Zapdos|Zapdos|377\/383
|switch|p1a: Tapu Bulu|Tapu Bulu|80\/100
|
|-heal|p1a: Tapu Bulu|86\/100|[from] Grassy Terrain
|-heal|p2a: Zapdos|383\/383|[from] item: Leftovers
|-fieldend|move: Grassy Terrain
|upkeep
|turn|22


|inactive|Time left: 150 sec this turn | 420 sec total


|
|switch|p1a: Landorus|Landorus-Therian, M|56\/100
|-ability|p1a: Landorus|Intimidate|boost
|-unboost|p2a: Zapdos|atk|1
|move|p2a: Zapdos|Heat Wave|p1a: Landorus|[miss]
|-miss|p2a: Zapdos|p1a: Landorus
|
|upkeep
|turn|23


|inactive|Time left: 150 sec this turn | 430 sec total


|
|switch|p1a: Tapu Koko|Tapu Koko|75\/100
|-fieldstart|move: Electric Terrain|[from] ability: Electric Surge|[of] p1a: Tapu Koko
|move|p2a: Zapdos|Heat Wave|p1a: Tapu Koko
|-damage|p1a: Tapu Koko|35\/100
|
|upkeep
|turn|24


|inactive|Time left: 150 sec this turn | 435 sec total


|
|switch|p2a: Ferrothorn|Ferrothorn, F|207\/352 par
|move|p1a: Tapu Koko|Thunderbolt|p2a: Ferrothorn
|-resisted|p2a: Ferrothorn
|-crit|p2a: Ferrothorn
|-damage|p2a: Ferrothorn|44\/352 par
|
|-heal|p2a: Ferrothorn|66\/352 par|[from] item: Leftovers
|upkeep
|turn|25


|inactive|Time left: 150 sec this turn | 445 sec total


|
|move|p1a: Tapu Koko|Thunderbolt|p2a: Ferrothorn
|-resisted|p2a: Ferrothorn
|-damage|p2a: Ferrothorn|0 fnt
|faint|p2a: Ferrothorn
|
|upkeep


|inactive|Time left: 150 sec this turn | 455 sec total


|
|switch|p2a: Greninja|Greninja, M|285\/285
|turn|26


|inactive|Time left: 150 sec this turn | 465 sec total


|
|switch|p1a: Tapu Bulu|Tapu Bulu|86\/100
|-fieldstart|move: Grassy Terrain|[from] ability: Grassy Surge|[of] p1a: Tapu Bulu
|move|p2a: Greninja|Hydro Pump|p1a: Tapu Bulu
|-resisted|p1a: Tapu Bulu
|-damage|p1a: Tapu Bulu|37\/100
|
|-heal|p1a: Tapu Bulu|43\/100|[from] Grassy Terrain
|upkeep
|turn|27


|inactive|Time left: 150 sec this turn | 470 sec total


|
|switch|p1a: Greninja|Greninja, M|100\/100
|move|p2a: Greninja|Hydro Pump|p1a: Greninja
|-resisted|p1a: Greninja
|-damage|p1a: Greninja|38\/100
|
|-heal|p1a: Greninja|44\/100|[from] Grassy Terrain
|upkeep
|turn|28


|inactive|Time left: 150 sec this turn | 475 sec total


|
|move|p1a: Greninja|Surf|p2a: Greninja
|-resisted|p2a: Greninja
|-damage|p2a: Greninja|147\/285
|move|p2a: Greninja|Hydro Pump|p1a: Greninja
|-resisted|p1a: Greninja
|-damage|p1a: Greninja|0 fnt
|faint|p1a: Greninja
|-activate|p2a: Greninja|ability: Battle Bond
|detailschange|p2a: Greninja|Greninja-Ash, M
|
|-heal|p2a: Greninja|164\/285|[from] Grassy Terrain
|upkeep


|inactive|Time left: 150 sec this turn | 480 sec total


|
|switch|p1a: Tapu Koko|Tapu Koko|35\/100
|-fieldstart|move: Electric Terrain|[from] ability: Electric Surge|[of] p1a: Tapu Koko
|turn|29


|inactive|Time left: 150 sec this turn | 490 sec total


|
|move|p2a: Greninja|Hydro Pump|p1a: Tapu Koko
|-damage|p1a: Tapu Koko|0 fnt
|faint|p1a: Tapu Koko
|
|upkeep


|inactive|Time left: 150 sec this turn | 500 sec total


|c|☆baddjordan|is that modest



|c|☆baddjordan|that did a lot



|
|switch|p1a: Tapu Bulu|Tapu Bulu|43\/100
|-fieldstart|move: Grassy Terrain|[from] ability: Grassy Surge|[of] p1a: Tapu Bulu
|turn|30


|inactive|Time left: 150 sec this turn | 510 sec total


|
|move|p2a: Greninja|Hydro Pump|p1a: Tapu Bulu
|-resisted|p1a: Tapu Bulu
|-damage|p1a: Tapu Bulu|0 fnt
|faint|p1a: Tapu Bulu
|
|-heal|p2a: Greninja|181\/285|[from] Grassy Terrain
|upkeep


|inactive|Time left: 150 sec this turn | 520 sec total


|-message|baddjordan forfeited.



|
|win|ass grabbin


|inactive|Time left: 150 sec this turn | 530 sec total

||Ladder updating...


|l|☆baddjordan



|raw|baddjordan's rating: 1664 &rarr; <strong>1642<\/strong><br \/>(-22 for losing)
|raw|ass grabbin's rating: 1625 &rarr; <strong>1648<\/strong><br \/>(+23 for winning)

</script>
</div>
<div class="battle-log battle-log-inline"><div class="inner"><div class="chat"><small>☆baddjordan joined.</small></div><div class="chat"><small>☆ass grabbin joined.</small></div><div style="padding:5px 0"><small>Format:</small> <br><strong>[Gen 7] OU</strong></div><div class="rated"><strong>Rated battle</strong></div><div><small><em>Sleep Clause Mod:</em> Limit one foe put to sleep</small></div><div><small><em>Species Clause:</em> Limit one of each Pokémon</small></div><div><small><em>OHKO Clause:</em> OHKO moves are banned</small></div><div><small><em>Moody Clause:</em> Moody is banned</small></div><div><small><em>Evasion Moves Clause:</em> Evasion moves are banned</small></div><div><small><em>Endless Battle Clause:</em> Forcing endless battles is banned</small></div><div><small><em>HP Percentage Mod:</em> HP is shown in percentages</small></div><div class="chat"><strong>ass grabbin's team:</strong> <em style="color:#445566;display:block;">Zapdos / Zygarde / Greninja / Nihilego / Ferrothorn / Scizor</em></div><div class="chat"><strong>baddjordan's team:</strong> <em style="color:#445566;display:block;">Tapu Bulu / Greninja / Hawlucha / Tapu Koko / Charizard / Landorus-Therian</em></div><div class="chat message-error">Battle timer is ON: inactive players will automatically lose when time's up. (requested by ass grabbin)</div><div>Battle between baddjordan and ass grabbin started!</div><div class="spacer battle-history"></div><div class="battle-history">baddjordan sent out Tapu Koko!</div><div class="spacer battle-history"></div><div class="battle-history">Go! Ferrothorn!</div><div class="battle-history"><small>[Opposing <span class="battle-nickname-foe" title="Tapu Koko">Tapu Koko</span>'s Electric Surge!]</small></div><div class="battle-history"><small>An electric current runs across the battlefield!</small></div><h2 class="battle-history">Turn 1</h2><div class="spacer battle-history"></div><div class="battle-history">baddjordan withdrew Tapu Koko!</div><div class="battle-history">baddjordan sent out Charizard!</div><div class="spacer battle-history"></div><div class="battle-history"><span class="battle-nickname" title="Ferrothorn">Ferrothorn</span> used <strong>Leech Seed</strong>!</div><div class="battle-history"><small>The opposing <span class="battle-nickname-foe" title="Charizard">Charizard</span> was seeded!</small></div><div class="spacer battle-history"></div><div class="battle-history"><small>The opposing <span class="battle-nickname-foe" title="Charizard">Charizard</span>'s health is sapped by Leech Seed! </small></div><h2 class="battle-history">Turn 2</h2><div class="spacer battle-history"></div><div class="battle-history"><span class="battle-nickname" title="Ferrothorn">Ferrothorn</span>, come back!</div><div class="battle-history">Go! Nihilego!</div><div class="battle-history"><small>The opposing <span class="battle-nickname-foe" title="Charizard">Charizard</span>'s Charizardite X is reacting to the Key Stone!<br>The opposing <span class="battle-nickname-foe" title="Charizard">Charizard</span> has Mega Evolved into Mega Charizard!</small></div><div class="spacer battle-history"></div><div class="battle-history">The opposing <span class="battle-nickname-foe" title="Charizard-Mega-X">Charizard</span> used <strong>Flare Blitz</strong>!</div><div class="battle-history"><small>It's not very effective... <br>A critical hit! <br></small><small><span class="battle-nickname" title="Nihilego">Nihilego</span> lost <abbr title="−360/360">100%</abbr> of its health!</small><br></div><div class="battle-history"><small>The opposing <span class="battle-nickname-foe" title="Charizard-Mega-X">Charizard</span> is damaged by the recoil! </small></div><div class="spacer battle-history"></div><div class="battle-history"><span class="battle-nickname" title="Nihilego">Nihilego</span> fainted!</div><div class="spacer battle-history"></div><div class="battle-history">Go! Greninja!</div><h2 class="battle-history">Turn 3</h2><div class="spacer battle-history"></div><div class="battle-history">baddjordan withdrew <span class="battle-nickname-foe" title="Charizard-Mega-X">Charizard <small>(Charizard-Mega-X)</small></span>!</div><div class="battle-history">baddjordan sent out Tapu Bulu!</div><div class="battle-history"><small>[Opposing <span class="battle-nickname-foe" title="Tapu Bulu">Tapu Bulu</span>'s Grassy Surge!]</small></div><div class="battle-history"><small>Grass grew to cover the battlefield!</small></div><div class="spacer battle-history"></div><div class="battle-history"><span class="battle-nickname" title="Greninja">Greninja</span> used <strong>Spikes</strong>!</div><div class="battle-history"><small>Spikes were scattered on the ground all around the opposing team!</small></div><h2 class="battle-history">Turn 4</h2><div class="spacer battle-history"></div><div class="battle-history"><span class="battle-nickname" title="Greninja">Greninja</span>, come back!</div><div class="battle-history">Go! Scizor!</div><div class="spacer battle-history"></div><div class="battle-history">baddjordan withdrew Tapu Bulu!</div><div class="battle-history">baddjordan sent out <span class="battle-nickname-foe" title="Charizard-Mega-X">Charizard <small>(Charizard-Mega-X)</small></span>!</div><div class="battle-history"><small>The opposing <span class="battle-nickname-foe" title="Charizard-Mega-X">Charizard</span> is hurt by the spikes! </small></div><div class="spacer battle-history"></div><div class="battle-history"><small>The opposing <span class="battle-nickname-foe" title="Charizard-Mega-X">Charizard</span> restored HP using its Grassy Terrain!</small></div><h2 class="battle-history">Turn 5</h2><div class="spacer battle-history"></div><div class="battle-history"><span class="battle-nickname" title="Scizor">Scizor</span>, come back!</div><div class="battle-history">Go! Zapdos!</div><div class="spacer battle-history"></div><div class="battle-history">The opposing <span class="battle-nickname-foe" title="Charizard-Mega-X">Charizard</span> used <strong>Defog</strong>!</div><div class="battle-history"><small><span class="battle-nickname" title="Zapdos">Zapdos</span>'s evasiveness fell! </small></div><div class="battle-history"><small>The spikes disappeared from the ground around the opposing team!</small></div><div class="spacer battle-history"></div><div class="battle-history"><small>The opposing <span class="battle-nickname-foe" title="Charizard-Mega-X">Charizard</span> restored HP using its Grassy Terrain!</small></div><h2 class="battle-history">Turn 6</h2><div class="spacer battle-history"></div><div class="battle-history">The opposing <span class="battle-nickname-foe" title="Charizard-Mega-X">Charizard</span> used <strong>Roost</strong>!</div><div class="battle-history"><small>The opposing <span class="battle-nickname-foe" title="Charizard-Mega-X">Charizard</span> restored its HP.</small></div><div class="spacer battle-history"></div><div class="battle-history"><span class="battle-nickname" title="Zapdos">Zapdos</span> used <strong>Discharge</strong>!</div><div class="battle-history"><small>It's not very effective... <br></small><small>The opposing <span class="battle-nickname-foe" title="Charizard-Mega-X">Charizard</span> lost 20% of its health!</small><br></div><div class="spacer battle-history"></div><div class="battle-history"><small>The opposing <span class="battle-nickname-foe" title="Charizard-Mega-X">Charizard</span> restored HP using its Grassy Terrain!</small></div><h2 class="battle-history">Turn 7</h2><div class="spacer battle-history"></div><div class="battle-history">baddjordan withdrew <span class="battle-nickname-foe" title="Charizard-Mega-X">Charizard <small>(Charizard-Mega-X)</small></span>!</div><div class="battle-history">baddjordan sent out Tapu Koko!</div><div class="battle-history"><small>[Opposing <span class="battle-nickname-foe" title="Tapu Koko">Tapu Koko</span>'s Electric Surge!]</small></div><div class="battle-history"><small>An electric current runs across the battlefield!</small></div><div class="spacer battle-history"></div><div class="battle-history"><span class="battle-nickname" title="Zapdos">Zapdos</span> used <strong>Discharge</strong>!</div><div class="battle-history"><small>It's not very effective... <br></small><small>The opposing <span class="battle-nickname-foe" title="Tapu Koko">Tapu Koko</span> lost 25% of its health!</small><br></div><h2 class="battle-history">Turn 8</h2><div class="spacer battle-history"></div><div class="battle-history"><span class="battle-nickname" title="Zapdos">Zapdos</span>, come back!</div><div class="battle-history">Go! Ferrothorn!</div><div class="spacer battle-history"></div><div class="battle-history">The opposing <span class="battle-nickname-foe" title="Tapu Koko">Tapu Koko</span> used <strong>Thunderbolt</strong>!</div><div class="battle-history"><small>It's not very effective... <br></small><small><span class="battle-nickname" title="Ferrothorn">Ferrothorn</span> lost <abbr title="−102/352">29.0%</abbr> of its health!</small><br></div><div class="spacer battle-history"></div><div class="battle-history"><small><span class="battle-nickname" title="Ferrothorn">Ferrothorn</span> restored a little HP using its Leftovers!</small></div><h2 class="battle-history">Turn 9</h2><div class="spacer battle-history"></div><div class="battle-history">The opposing <span class="battle-nickname-foe" title="Tapu Koko">Tapu Koko</span> used <strong>Thunderbolt</strong>!</div><div class="battle-history"><small>It's not very effective... <br></small><small><span class="battle-nickname" title="Ferrothorn">Ferrothorn</span> lost <abbr title="−120/352">34.1%</abbr> of its health!</small><br></div><div class="battle-history"><small><span class="battle-nickname" title="Ferrothorn">Ferrothorn</span> is paralyzed! It may be unable to move!</small></div><div class="spacer battle-history"></div><div class="battle-history"><span class="battle-nickname" title="Ferrothorn">Ferrothorn</span> used <strong>Stealth Rock</strong>!</div><div class="battle-history"><small>Pointed stones float in the air around the opposing team!</small></div><div class="spacer battle-history"></div><div class="battle-history"><small><span class="battle-nickname" title="Ferrothorn">Ferrothorn</span> restored a little HP using its Leftovers!</small></div><h2 class="battle-history">Turn 10</h2><div class="spacer battle-history"></div><div class="battle-history">The opposing <span class="battle-nickname-foe" title="Tapu Koko">Tapu Koko</span> used <strong>Thunderbolt</strong>!</div><div class="battle-history"><small>It's not very effective... <br></small><small><span class="battle-nickname" title="Ferrothorn">Ferrothorn</span> lost <abbr title="−102/352">29.0%</abbr> of its health!</small><br></div><div class="spacer battle-history"></div><div class="battle-history"><span class="battle-nickname" title="Ferrothorn">Ferrothorn</span> is paralyzed! It can't move!</div><div class="spacer battle-history"></div><div class="battle-history"><small><span class="battle-nickname" title="Ferrothorn">Ferrothorn</span> restored a little HP using its Leftovers!</small></div><h2 class="battle-history">Turn 11</h2><div class="spacer battle-history"></div><div class="battle-history">baddjordan withdrew Tapu Koko!</div><div class="battle-history">baddjordan sent out <span class="battle-nickname-foe" title="Landorus-Therian">Landorus <small>(Landorus-Therian)</small></span>!</div><div class="battle-history"><small>Pointed stones dug into the opposing <span class="battle-nickname-foe" title="Landorus-Therian">Landorus</span>! </small></div><div class="battle-history"><small>[Opposing <span class="battle-nickname-foe" title="Landorus-Therian">Landorus</span>'s Intimidate!]</small></div><div class="battle-history"><small><span class="battle-nickname" title="Ferrothorn">Ferrothorn</span>'s Attack fell! </small></div><div class="spacer battle-history"></div><div class="battle-history"><span class="battle-nickname" title="Ferrothorn">Ferrothorn</span> used <strong>Leech Seed</strong>!</div><div class="battle-history"><small>The opposing <span class="battle-nickname-foe" title="Landorus-Therian">Landorus</span> was seeded!</small></div><div class="spacer battle-history"></div><div class="battle-history"><small><span class="battle-nickname" title="Ferrothorn">Ferrothorn</span> restored a little HP using its Leftovers!</small></div><div class="battle-history"><small>The opposing <span class="battle-nickname-foe" title="Landorus-Therian">Landorus</span>'s health is sapped by Leech Seed! </small></div><div class="battle-history"><small>The electricity disappeared from the battlefield.</small></div><h2 class="battle-history">Turn 12</h2><div class="spacer battle-history"></div><div class="battle-history">baddjordan withdrew <span class="battle-nickname-foe" title="Landorus-Therian">Landorus <small>(Landorus-Therian)</small></span>!</div><div class="battle-history">baddjordan sent out <span class="battle-nickname-foe" title="Charizard-Mega-X">Charizard <small>(Charizard-Mega-X)</small></span>!</div><div class="battle-history"><small>Pointed stones dug into the opposing <span class="battle-nickname-foe" title="Charizard-Mega-X">Charizard</span>! </small></div><div class="spacer battle-history"></div><div class="battle-history"><span class="battle-nickname" title="Ferrothorn">Ferrothorn</span> used <strong>Power Whip</strong>!</div><div class="battle-history"><small>It's not very effective... <br></small><small>The opposing <span class="battle-nickname-foe" title="Charizard-Mega-X">Charizard</span> lost 7% of its health!</small><br></div><div class="spacer battle-history"></div><div class="battle-history"><small><span class="battle-nickname" title="Ferrothorn">Ferrothorn</span> restored a little HP using its Leftovers!</small></div><h2 class="battle-history">Turn 13</h2><div class="spacer battle-history"></div><div class="battle-history">The opposing <span class="battle-nickname-foe" title="Charizard-Mega-X">Charizard</span> used <strong>Defog</strong>!</div><div class="battle-history"><small><span class="battle-nickname" title="Ferrothorn">Ferrothorn</span>'s evasiveness fell! </small></div><div class="battle-history"><small>The pointed stones disappeared from around the opposing team!</small></div><div class="spacer battle-history"></div><div class="battle-history"><span class="battle-nickname" title="Ferrothorn">Ferrothorn</span> used <strong>Thunder Wave</strong>!</div><div class="battle-history"><small>The opposing <span class="battle-nickname-foe" title="Charizard-Mega-X">Charizard</span> is paralyzed! It may be unable to move!</small></div><div class="spacer battle-history"></div><div class="battle-history"><small><span class="battle-nickname" title="Ferrothorn">Ferrothorn</span> restored a little HP using its Leftovers!</small></div><h2 class="battle-history">Turn 14</h2><div class="spacer battle-history"></div><div class="battle-history"><span class="battle-nickname" title="Ferrothorn">Ferrothorn</span>, come back!</div><div class="battle-history">Go! Zapdos!</div><div class="spacer battle-history"></div><div class="battle-history">The opposing <span class="battle-nickname-foe" title="Charizard-Mega-X">Charizard</span> used <strong>Flare Blitz</strong>!</div><div class="battle-history"><small><span class="battle-nickname" title="Zapdos">Zapdos</span> lost <abbr title="−244/383">63.7%</abbr> of its health!</small><br></div><div class="battle-history"><small>The opposing <span class="battle-nickname-foe" title="Charizard-Mega-X">Charizard</span> is damaged by the recoil! </small></div><div class="spacer battle-history"></div><div class="battle-history"><small><span class="battle-nickname" title="Zapdos">Zapdos</span> restored a little HP using its Leftovers!</small></div><h2 class="battle-history">Turn 15</h2><div class="spacer battle-history"></div><div class="battle-history"><span class="battle-nickname" title="Zapdos">Zapdos</span> used <strong>Roost</strong>!</div><div class="battle-history"><small><span class="battle-nickname" title="Zapdos">Zapdos</span> restored its HP.</small></div><div class="spacer battle-history"></div><div class="battle-history">The opposing <span class="battle-nickname-foe" title="Charizard-Mega-X">Charizard</span> is paralyzed! It can't move!</div><div class="spacer battle-history"></div><div class="battle-history"><small><span class="battle-nickname" title="Zapdos">Zapdos</span> restored a little HP using its Leftovers!</small></div><h2 class="battle-history">Turn 16</h2><div class="spacer battle-history"></div><div class="battle-history"><span class="battle-nickname" title="Zapdos">Zapdos</span>, come back!</div><div class="battle-history">Go! Zygarde!</div><div class="battle-history"><small>[<span class="battle-nickname" title="Zygarde">Zygarde</span>'s Aura Break!]</small></div><div class="battle-history"><small><span class="battle-nickname" title="Zygarde">Zygarde</span> reversed all other Pokémon's auras!</small></div><div class="spacer battle-history"></div><div class="battle-history">The opposing <span class="battle-nickname-foe" title="Charizard-Mega-X">Charizard</span> used <strong>Roost</strong>!</div><div class="battle-history"><small>The opposing <span class="battle-nickname-foe" title="Charizard-Mega-X">Charizard</span> restored its HP.</small></div><h2 class="battle-history">Turn 17</h2><div class="spacer battle-history"></div><div class="battle-history">baddjordan withdrew <span class="battle-nickname-foe" title="Charizard-Mega-X">Charizard <small>(Charizard-Mega-X)</small></span>!</div><div class="battle-history">baddjordan sent out Tapu Bulu!</div><div class="battle-history"><small>[Opposing <span class="battle-nickname-foe" title="Tapu Bulu">Tapu Bulu</span>'s Grassy Surge!]</small></div><div class="battle-history"><small>Grass grew to cover the battlefield!</small></div><div class="spacer battle-history"></div><div class="battle-history"><span class="battle-nickname" title="Zygarde">Zygarde</span> used <strong>Thousand Arrows</strong>!</div><div class="battle-history"><small>It's not very effective... <br></small><small>The opposing <span class="battle-nickname-foe" title="Tapu Bulu">Tapu Bulu</span> lost 24% of its health!</small><br></div><div class="spacer battle-history"></div><div class="battle-history"><small>The opposing <span class="battle-nickname-foe" title="Tapu Bulu">Tapu Bulu</span> restored HP using its Grassy Terrain!</small></div><h2 class="battle-history">Turn 18</h2><div class="chat" style="display: none;"><small> dragon24697 joined.</small></div><div class="chat">Spectators ignored.</div><div class="chat">Opponent ignored.</div><div class="spacer battle-history"></div><div class="battle-history"><span class="battle-nickname" title="Zygarde">Zygarde</span>, come back!</div><div class="battle-history">Go! Scizor!</div><div class="spacer battle-history"></div><div class="battle-history">The opposing <span class="battle-nickname-foe" title="Tapu Bulu">Tapu Bulu</span> used <strong>Swords Dance</strong>!</div><div class="battle-history"><small>The opposing <span class="battle-nickname-foe" title="Tapu Bulu">Tapu Bulu</span>'s Attack rose sharply! </small></div><div class="spacer battle-history"></div><div class="battle-history"><small>The opposing <span class="battle-nickname-foe" title="Tapu Bulu">Tapu Bulu</span> restored HP using its Grassy Terrain!</small></div><h2 class="battle-history">Turn 19</h2><div class="spacer battle-history"></div><div class="battle-history"><small><span class="battle-nickname" title="Scizor">Scizor</span>'s Scizorite is reacting to the Key Stone!<br><span class="battle-nickname" title="Scizor">Scizor</span> has Mega Evolved into Mega Scizor!</small></div><div class="spacer battle-history"></div><div class="battle-history"><small>The opposing <span class="battle-nickname-foe" title="Tapu Bulu">Tapu Bulu</span> surrounded itself with its Z-Power! </small></div><div class="battle-history"><small>The opposing <span class="battle-nickname-foe" title="Tapu Bulu">Tapu Bulu</span> unleashes its full-force Z-Move!</small></div><div class="battle-history">The opposing <span class="battle-nickname-foe" title="Tapu Bulu">Tapu Bulu</span> used <strong>Continental Crush</strong>!</div><div class="battle-history"><small><span class="battle-nickname" title="Scizor-Mega">Scizor</span> lost <abbr title="−339/344">98.5%</abbr> of its health!</small><br></div><div class="spacer battle-history"></div><div class="battle-history"><span class="battle-nickname" title="Scizor-Mega">Scizor</span> used <strong>Knock Off</strong>!</div><div class="battle-history"><small>It's not very effective... <br></small><small>The opposing <span class="battle-nickname-foe" title="Tapu Bulu">Tapu Bulu</span> lost 14% of its health!</small><br></div><div class="spacer battle-history"></div><div class="battle-history"><small>The opposing <span class="battle-nickname-foe" title="Tapu Bulu">Tapu Bulu</span> restored HP using its Grassy Terrain!</small></div><div class="battle-history"><small><span class="battle-nickname" title="Scizor-Mega">Scizor</span> restored HP using its Grassy Terrain!</small></div><h2 class="battle-history">Turn 20</h2><div class="spacer battle-history"></div><div class="battle-history">baddjordan withdrew Tapu Bulu!</div><div class="battle-history">baddjordan sent out Landorus-Therian!</div><div class="battle-history"><small>[Opposing <span class="battle-nickname-foe" title="Landorus-Therian">Landorus</span>'s Intimidate!]</small></div><div class="battle-history"><small><span class="battle-nickname" title="Scizor-Mega">Scizor</span>'s Attack fell! </small></div><div class="spacer battle-history"></div><div class="battle-history"><span class="battle-nickname" title="Scizor-Mega">Scizor</span> used <strong>Bullet Punch</strong>!</div><div class="battle-history"><small>The opposing <span class="battle-nickname-foe" title="Landorus-Therian">Landorus</span> lost 20% of its health!</small><br></div><div class="battle-history"><small><span class="battle-nickname" title="Scizor-Mega">Scizor</span> is hurt by the opposing <span class="battle-nickname-foe" title="Landorus-Therian">Landorus</span>'s Rocky Helmet! </small></div><div class="spacer battle-history"></div><div class="battle-history"><span class="battle-nickname" title="Scizor-Mega">Scizor</span> fainted!</div><div class="spacer battle-history"></div><div class="battle-history">Go! Greninja!</div><h2 class="battle-history">Turn 21</h2><div class="spacer battle-history"></div><div class="battle-history"><span class="battle-nickname" title="Greninja">Greninja</span>, come back!</div><div class="battle-history">Go! Zapdos!</div><div class="spacer battle-history"></div><div class="battle-history">baddjordan withdrew Landorus-Therian!</div><div class="battle-history">baddjordan sent out Tapu Bulu!</div><div class="spacer battle-history"></div><div class="battle-history"><small>The opposing <span class="battle-nickname-foe" title="Tapu Bulu">Tapu Bulu</span> restored HP using its Grassy Terrain!</small></div><div class="battle-history"><small><span class="battle-nickname" title="Zapdos">Zapdos</span> restored a little HP using its Leftovers!</small></div><div class="battle-history"><small>The grass disappeared from the battlefield.</small></div><h2 class="battle-history">Turn 22</h2><div class="spacer battle-history"></div><div class="battle-history">baddjordan withdrew Tapu Bulu!</div><div class="battle-history">baddjordan sent out Landorus-Therian!</div><div class="battle-history"><small>[Opposing <span class="battle-nickname-foe" title="Landorus-Therian">Landorus</span>'s Intimidate!]</small></div><div class="battle-history"><small><span class="battle-nickname" title="Zapdos">Zapdos</span>'s Attack fell! </small></div><div class="spacer battle-history"></div><div class="battle-history"><span class="battle-nickname" title="Zapdos">Zapdos</span> used <strong>Heat Wave</strong>!</div><div class="battle-history"><small>The opposing <span class="battle-nickname-foe" title="Landorus-Therian">Landorus</span> avoided the attack!</small></div><h2 class="battle-history">Turn 23</h2><div class="spacer battle-history"></div><div class="battle-history">baddjordan withdrew Landorus-Therian!</div><div class="battle-history">baddjordan sent out Tapu Koko!</div><div class="battle-history"><small>[Opposing <span class="battle-nickname-foe" title="Tapu Koko">Tapu Koko</span>'s Electric Surge!]</small></div><div class="battle-history"><small>An electric current runs across the battlefield!</small></div><div class="spacer battle-history"></div><div class="battle-history"><span class="battle-nickname" title="Zapdos">Zapdos</span> used <strong>Heat Wave</strong>!</div><div class="battle-history"><small>The opposing <span class="battle-nickname-foe" title="Tapu Koko">Tapu Koko</span> lost 40% of its health!</small><br></div><h2 class="battle-history">Turn 24</h2><div class="spacer battle-history"></div><div class="battle-history"><span class="battle-nickname" title="Zapdos">Zapdos</span>, come back!</div><div class="battle-history">Go! Ferrothorn!</div><div class="spacer battle-history"></div><div class="battle-history">The opposing <span class="battle-nickname-foe" title="Tapu Koko">Tapu Koko</span> used <strong>Thunderbolt</strong>!</div><div class="battle-history"><small>It's not very effective... <br>A critical hit! <br></small><small><span class="battle-nickname" title="Ferrothorn">Ferrothorn</span> lost <abbr title="−162/352">46.0%</abbr> of its health!</small><br></div><div class="spacer battle-history"></div><div class="battle-history"><small><span class="battle-nickname" title="Ferrothorn">Ferrothorn</span> restored a little HP using its Leftovers!</small></div><h2 class="battle-history">Turn 25</h2><div class="spacer battle-history"></div><div class="battle-history">The opposing <span class="battle-nickname-foe" title="Tapu Koko">Tapu Koko</span> used <strong>Thunderbolt</strong>!</div><div class="battle-history"><small>It's not very effective... <br></small><small><span class="battle-nickname" title="Ferrothorn">Ferrothorn</span> lost <abbr title="−66/352">18.8%</abbr> of its health!</small><br></div><div class="spacer battle-history"></div><div class="battle-history"><span class="battle-nickname" title="Ferrothorn">Ferrothorn</span> fainted!</div><div class="spacer battle-history"></div><div class="battle-history">Go! Greninja!</div><h2 class="battle-history">Turn 26</h2><div class="spacer battle-history"></div><div class="battle-history">baddjordan withdrew Tapu Koko!</div><div class="battle-history">baddjordan sent out Tapu Bulu!</div><div class="battle-history"><small>[Opposing <span class="battle-nickname-foe" title="Tapu Bulu">Tapu Bulu</span>'s Grassy Surge!]</small></div><div class="battle-history"><small>Grass grew to cover the battlefield!</small></div><div class="spacer battle-history"></div><div class="battle-history"><span class="battle-nickname" title="Greninja">Greninja</span> used <strong>Hydro Pump</strong>!</div><div class="battle-history"><small>It's not very effective... <br></small><small>The opposing <span class="battle-nickname-foe" title="Tapu Bulu">Tapu Bulu</span> lost 49% of its health!</small><br></div><div class="spacer battle-history"></div><div class="battle-history"><small>The opposing <span class="battle-nickname-foe" title="Tapu Bulu">Tapu Bulu</span> restored HP using its Grassy Terrain!</small></div><h2 class="battle-history">Turn 27</h2><div class="spacer battle-history"></div><div class="battle-history">baddjordan withdrew Tapu Bulu!</div><div class="battle-history">baddjordan sent out Greninja!</div><div class="spacer battle-history"></div><div class="battle-history"><span class="battle-nickname" title="Greninja">Greninja</span> used <strong>Hydro Pump</strong>!</div><div class="battle-history"><small>It's not very effective... <br></small><small>The opposing <span class="battle-nickname-foe" title="Greninja">Greninja</span> lost 62% of its health!</small><br></div><div class="spacer battle-history"></div><div class="battle-history"><small>The opposing <span class="battle-nickname-foe" title="Greninja">Greninja</span> restored HP using its Grassy Terrain!</small></div><h2 class="battle-history">Turn 28</h2><div class="spacer battle-history"></div><div class="battle-history">The opposing <span class="battle-nickname-foe" title="Greninja">Greninja</span> used <strong>Surf</strong>!</div><div class="battle-history"><small>It's not very effective... <br></small><small><span class="battle-nickname" title="Greninja">Greninja</span> lost <abbr title="−138/285">48.4%</abbr> of its health!</small><br></div><div class="spacer battle-history"></div><div class="battle-history"><span class="battle-nickname" title="Greninja">Greninja</span> used <strong>Hydro Pump</strong>!</div><div class="battle-history"><small>It's not very effective... <br></small><small>The opposing <span class="battle-nickname-foe" title="Greninja">Greninja</span> lost 44% of its health!</small><br></div><div class="spacer battle-history"></div><div class="battle-history">The opposing <span class="battle-nickname-foe" title="Greninja">Greninja</span> fainted!</div><div class="battle-history"><small>[<span class="battle-nickname" title="Greninja">Greninja</span>'s Battle Bond!]</small></div><div class="battle-history"><small><span class="battle-nickname" title="Greninja">Greninja</span> became fully charged due to its bond with its Trainer!</small></div><div class="battle-history"><span class="battle-nickname" title="Greninja-Ash">Greninja</span> became Ash-Greninja!</div><div class="spacer battle-history"></div><div class="battle-history"><small><span class="battle-nickname" title="Greninja-Ash">Greninja</span> restored HP using its Grassy Terrain!</small></div><div class="spacer battle-history"></div><div class="battle-history">baddjordan sent out Tapu Koko!</div><div class="battle-history"><small>[Opposing <span class="battle-nickname-foe" title="Tapu Koko">Tapu Koko</span>'s Electric Surge!]</small></div><div class="battle-history"><small>An electric current runs across the battlefield!</small></div><h2 class="battle-history">Turn 29</h2><div class="spacer battle-history"></div><div class="battle-history"><span class="battle-nickname" title="Greninja-Ash">Greninja</span> used <strong>Hydro Pump</strong>!</div><div class="battle-history"><small>The opposing <span class="battle-nickname-foe" title="Tapu Koko">Tapu Koko</span> lost 35% of its health!</small><br></div><div class="spacer battle-history"></div><div class="battle-history">The opposing <span class="battle-nickname-foe" title="Tapu Koko">Tapu Koko</span> fainted!</div><div class="spacer battle-history"></div><div class="battle-history">baddjordan sent out Tapu Bulu!</div><div class="battle-history"><small>[Opposing <span class="battle-nickname-foe" title="Tapu Bulu">Tapu Bulu</span>'s Grassy Surge!]</small></div><div class="battle-history"><small>Grass grew to cover the battlefield!</small></div><h2 class="battle-history">Turn 30</h2><div class="spacer battle-history"></div><div class="battle-history"><span class="battle-nickname" title="Greninja-Ash">Greninja</span> used <strong>Hydro Pump</strong>!</div><div class="battle-history"><small>It's not very effective... <br></small><small>The opposing <span class="battle-nickname-foe" title="Tapu Bulu">Tapu Bulu</span> lost 43% of its health!</small><br></div><div class="spacer battle-history"></div><div class="battle-history">The opposing <span class="battle-nickname-foe" title="Tapu Bulu">Tapu Bulu</span> fainted!</div><div class="spacer battle-history"></div><div class="battle-history"><small><span class="battle-nickname" title="Greninja-Ash">Greninja</span> restored HP using its Grassy Terrain!</small></div><div class="battle-history"><small>baddjordan forfeited.</small></div><div class="spacer battle-history"></div><div class="battle-history">ass grabbin won the battle!</div><div class="chat">Ladder updating...</div><div class="chat">baddjordan's rating: 1664 → <strong>1642</strong><br>(-22 for losing)</div><div class="chat">ass grabbin's rating: 1625 → <strong>1648</strong><br>(+23 for winning)</div></div></div>
</div>
<script>
var daily = Math.floor(Date.now()/1000/60/60/24);document.write('<script src="https://play.pokemonshowdown.com/js/replay-embed.js?version'+daily+'"></'+'script>');
</script>
