<!DOCTYPE html>
<meta charset="utf-8" />
<!-- version 1 -->
<title>[Gen 7] OU replay: ass grabbin vs. Ladder Test 8</title>
<style>
html,body {font-family:Verdana, sans-serif;font-size:10pt;margin:0;padding:0;}body{padding:12px 0;} .battle-log {font-family:Verdana, sans-serif;font-size:10pt;} .battle-log-inline {border:1px solid #AAAAAA;background:#EEF2F5;color:black;max-width:640px;margin:0 auto 80px;padding-bottom:5px;} .battle-log .inner {padding:4px 8px 0px 8px;} .battle-log .inner-preempt {padding:0 8px 4px 8px;} .battle-log .inner-after {margin-top:0.5em;} .battle-log h2 {margin:0.5em -8px;padding:4px 8px;border:1px solid #AAAAAA;background:#E0E7EA;border-left:0;border-right:0;font-family:Verdana, sans-serif;font-size:13pt;} .battle-log .chat {vertical-align:middle;padding:3px 0 3px 0;font-size:8pt;} .battle-log .chat strong {color:#40576A;} .battle-log .chat em {padding:1px 4px 1px 3px;color:#000000;font-style:normal;} .chat.mine {background:rgba(0,0,0,0.05);margin-left:-8px;margin-right:-8px;padding-left:8px;padding-right:8px;} .spoiler {color:#BBBBBB;background:#BBBBBB;padding:0px 3px;} .spoiler:hover, .spoiler:active, .spoiler-shown {color:#000000;background:#E2E2E2;padding:0px 3px;} .spoiler a {color:#BBBBBB;} .spoiler:hover a, .spoiler:active a, .spoiler-shown a {color:#2288CC;} .chat code, .chat .spoiler:hover code, .chat .spoiler:active code, .chat .spoiler-shown code {border:1px solid #C0C0C0;background:#EEEEEE;color:black;padding:0 2px;} .chat .spoiler code {border:1px solid #CCCCCC;background:#CCCCCC;color:#CCCCCC;} .battle-log .rated {padding:3px 4px;} .battle-log .rated strong {color:white;background:#89A;padding:1px 4px;border-radius:4px;} .spacer {margin-top:0.5em;} .message-announce {background:#6688AA;color:white;padding:1px 4px 2px;} .message-announce a, .broadcast-green a, .broadcast-blue a, .broadcast-red a {color:#DDEEFF;} .broadcast-green {background-color:#559955;color:white;padding:2px 4px;} .broadcast-blue {background-color:#6688AA;color:white;padding:2px 4px;} .infobox {border:1px solid #6688AA;padding:2px 4px;} .infobox-limited {max-height:200px;overflow:auto;overflow-x:hidden;} .broadcast-red {background-color:#AA5544;color:white;padding:2px 4px;} .message-learn-canlearn {font-weight:bold;color:#228822;text-decoration:underline;} .message-learn-cannotlearn {font-weight:bold;color:#CC2222;text-decoration:underline;} .message-effect-weak {font-weight:bold;color:#CC2222;} .message-effect-resist {font-weight:bold;color:#6688AA;} .message-effect-immune {font-weight:bold;color:#666666;} .message-learn-list {margin-top:0;margin-bottom:0;} .message-throttle-notice, .message-error {color:#992222;} .message-overflow, .chat small.message-overflow {font-size:0pt;} .message-overflow::before {font-size:9pt;content:'...';} .subtle {color:#3A4A66;}
</style>
<div class="wrapper replay-wrapper" style="max-width:1180px;margin:0 auto">
<input type="hidden" name="replayid" value="gen7ou-733515919" />
<div class="battle"></div><div class="battle-log"></div><div class="replay-controls"></div><div class="replay-controls-2"></div>
<h1 style="font-weight:normal;text-align:center"><strong>[Gen 7] OU</strong><br /><a href="http://pokemonshowdown.com/users/assgrabbin" class="subtle" target="_blank">ass grabbin</a> vs. <a href="http://pokemonshowdown.com/users/laddertest8" class="subtle" target="_blank">Ladder Test 8</a></h1>
<script type="text/plain" class="battle-log-data">|j|☆ass grabbin


|j|☆Ladder Test 8



|player|p1|ass grabbin|70



|player|p2|Ladder Test 8|290
|teamsize|p1|6
|teamsize|p2|6
|gametype|singles
|gen|7
|tier|[Gen 7] OU
|rated|
|seed|
|rule|Sleep Clause Mod: Limit one foe put to sleep
|rule|Species Clause: Limit one of each Pokémon
|rule|OHKO Clause: OHKO moves are banned
|rule|Moody Clause: Moody is banned
|rule|Evasion Moves Clause: Evasion moves are banned
|rule|Endless Battle Clause: Forcing endless battles is banned
|rule|HP Percentage Mod: HP is shown in percentages
|clearpoke
|poke|p1|Greninja, M|item
|poke|p1|Landorus-Therian, M|item
|poke|p1|Heatran, M|item
|poke|p1|Scizor, F|item
|poke|p1|Serperior, M|item
|poke|p1|Zapdos|item
|poke|p2|Tapu Bulu|item
|poke|p2|Tyranitar, M|item
|poke|p2|Gliscor, M|item
|poke|p2|Excadrill, F|item
|poke|p2|Clefable, F|item
|poke|p2|Kartana|item
|teampreview


|raw|<div class="ladder"><table><tr><td colspan="8">User: <strong>assgrabbin<\/strong><\/td><\/tr><tr><th>Format<\/th><th><abbr title="Elo rating">Elo<\/abbr><\/th><th><abbr title="user's percentage chance of winning a random battle (aka GLIXARE)">GXE<\/abbr><\/th><th><abbr title="Glicko-1 rating: rating±deviation">Glicko-1<\/abbr><\/th><th>W<\/th><th>L<\/th><th>Total<\/th><\/tr><tr><td>[Gen 5] OU<\/td><td><strong>1105<\/strong><\/td><td>&ndash;<\/td><td><span><em>1591<small> &#177; 111<\/small><\/em> <small>(provisional)<\/small><\/span><\/td><td>3<\/td><td>0<\/td><td>3<\/td><\/tr><tr><td>[Gen 6] OU<\/td><td><strong>1213<\/strong><\/td><td>59<small>.0%<\/small><\/td><td><em>1569<small> &#177; 57<\/small><\/em><\/td><td>31<\/td><td>27<\/td><td>58<\/td><\/tr><tr><td>[Gen 7] Battle Factory<\/td><td><strong>1173<\/strong><\/td><td>67<small>.0%<\/small><\/td><td><em>1637<small> &#177; 84<\/small><\/em><\/td><td>9<\/td><td>3<\/td><td>12<\/td><\/tr><tr><td>[Gen 7] OU<\/td><td><strong>1674<\/strong><\/td><td>74<small>.2%<\/small><\/td><td><em>1699<small> &#177; 25<\/small><\/em><\/td><td>2<\/td><td>2<\/td><td>4<\/td><\/tr><tr><td>[Gen 7] Random Battle<\/td><td><strong>1038<\/strong><\/td><td>&ndash;<\/td><td><span><em>1497<small> &#177; 107<\/small><\/em> <small>(provisional)<\/small><\/span><\/td><td>2<\/td><td>2<\/td><td>4<\/td><\/tr><tr><td>[Gen 7] RU<\/td><td><strong>1173<\/strong><\/td><td>62<small>.6%<\/small><\/td><td><em>1599<small> &#177; 77<\/small><\/em><\/td><td>17<\/td><td>9<\/td><td>26<\/td><\/tr><tr><td>gen7rususpecttest<\/td><td><strong>1097<\/strong><\/td><td>47<small>.5%<\/small><\/td><td><em>1480<small> &#177; 95<\/small><\/em><\/td><td>3<\/td><td>4<\/td><td>7<\/td><\/tr><tr><td>[Gen 7] Ubers<\/td><td><strong>1400<\/strong><\/td><td>76<small>.4%<\/small><\/td><td><em>1725<small> &#177; 65<\/small><\/em><\/td><td>23<\/td><td>6<\/td><td>29<\/td><\/tr><tr><td>[Gen 7] UU<\/td><td><strong>1424<\/strong><\/td><td>65<small>.8%<\/small><\/td><td><em>1624<small> &#177; 46<\/small><\/em><\/td><td>108<\/td><td>89<\/td><td>197<\/td><\/tr><tr><td>gen7uususpecttest<\/td><td><strong>1107<\/strong><\/td><td>&ndash;<\/td><td><span><em>1586<small> &#177; 102<\/small><\/em> <small>(provisional)<\/small><\/span><\/td><td>4<\/td><td>1<\/td><td>5<\/td><\/tr><tr><td>[Gen 7] VGC 2018<\/td><td><strong>1152<\/strong><\/td><td>44<small>.7%<\/small><\/td><td><em>1459<small> &#177; 60<\/small><\/em><\/td><td>17<\/td><td>17<\/td><td>34<\/td><\/tr><tr><td colspan="8" style="text-align:right"><a href="\/\/pokemonshowdown.com\/users\/assgrabbin">Reset W\/L<\/a><\/tr><\/td><\/table><\/div>


|c|☆Ladder Test 8|\/log Ladder Test 8 made this room hidden.


|inactive|Time left: 150 sec this turn | 220 sec total


|inactive|Battle timer is ON: inactive players will automatically lose when time's up. (requested by Ladder Test 8)



|inactive|ass grabbin also wants the timer to be on.



|
|start
|switch|p1a: Greninja|Greninja, M|285\/285
|switch|p2a: Tyranitar|Tyranitar, M|100\/100
|-weather|Sandstorm|[from] ability: Sand Stream|[of] p2a: Tyranitar
|turn|1


|inactive|Time left: 150 sec this turn | 230 sec total


|
|switch|p2a: Tapu Bulu|Tapu Bulu|100\/100
|-fieldstart|move: Grassy Terrain|[from] ability: Grassy Surge|[of] p2a: Tapu Bulu
|move|p1a: Greninja|Ice Beam|p2a: Tapu Bulu
|-start|p1a: Greninja|typechange|Ice|[from] Protean
|-supereffective|p2a: Tapu Bulu
|-damage|p2a: Tapu Bulu|35\/100
|
|-weather|Sandstorm|[upkeep]
|-damage|p1a: Greninja|268\/285|[from] Sandstorm
|-damage|p2a: Tapu Bulu|29\/100|[from] Sandstorm
|-heal|p1a: Greninja|285\/285|[from] Grassy Terrain
|-heal|p2a: Tapu Bulu|35\/100|[from] item: Leftovers
|-heal|p2a: Tapu Bulu|41\/100|[from] Grassy Terrain
|upkeep
|turn|2


|inactive|Time left: 150 sec this turn | 235 sec total


|
|switch|p2a: Tyranitar|Tyranitar, M|100\/100
|move|p1a: Greninja|Ice Beam|p2a: Tyranitar
|-damage|p2a: Tyranitar|80\/100
|
|-weather|Sandstorm|[upkeep]
|-damage|p1a: Greninja|268\/285|[from] Sandstorm
|-heal|p1a: Greninja|285\/285|[from] Grassy Terrain
|-heal|p2a: Tyranitar|86\/100|[from] Grassy Terrain
|upkeep
|turn|3


|inactive|Time left: 150 sec this turn | 240 sec total


|
|-zpower|p1a: Greninja
|move|p1a: Greninja|Tectonic Rage|p2a: Tyranitar|[zeffect]
|-start|p1a: Greninja|typechange|Ground|[from] Protean
|-supereffective|p2a: Tyranitar
|-damage|p2a: Tyranitar|0 fnt
|faint|p2a: Tyranitar
|
|-weather|Sandstorm|[upkeep]
|upkeep


|inactive|Time left: 150 sec this turn | 245 sec total


|
|switch|p2a: Excadrill|Excadrill, F|100\/100
|turn|4


|inactive|Time left: 150 sec this turn | 255 sec total


|
|switch|p1a: Landorus|Landorus-Therian, M|382\/382
|-ability|p1a: Landorus|Intimidate|boost
|-unboost|p2a: Excadrill|atk|1
|move|p2a: Excadrill|Toxic|p1a: Landorus
|-status|p1a: Landorus|tox
|
|-weather|Sandstorm|[upkeep]
|-damage|p1a: Landorus|359\/382 tox|[from] psn
|upkeep
|turn|5


|inactive|Time left: 150 sec this turn | 260 sec total


|
|switch|p2a: Gliscor|Gliscor, M|100\/100
|move|p1a: Landorus|Stealth Rock|p2a: Gliscor
|-sidestart|p2: Ladder Test 8|move: Stealth Rock
|
|-weather|none
|-heal|p1a: Landorus|382\/382 tox|[from] item: Leftovers
|-fieldend|move: Grassy Terrain
|-damage|p1a: Landorus|336\/382 tox|[from] psn
|-status|p2a: Gliscor|tox|[from] item: Toxic Orb
|upkeep
|turn|6


|inactive|Time left: 150 sec this turn | 270 sec total


|
|switch|p1a: Greninja|Greninja, M|285\/285
|move|p2a: Gliscor|Swords Dance|p2a: Gliscor
|-boost|p2a: Gliscor|atk|2
|
|upkeep
|turn|7


|inactive|Time left: 150 sec this turn | 280 sec total


|
|switch|p2a: Clefable|Clefable, F|100\/100
|move|p1a: Greninja|Ice Beam|p2a: Clefable
|-start|p1a: Greninja|typechange|Ice|[from] Protean
|-damage|p2a: Clefable|72\/100
|
|-heal|p2a: Clefable|78\/100|[from] item: Leftovers
|upkeep
|turn|8


|inactive|Time left: 150 sec this turn | 290 sec total


|
|move|p1a: Greninja|Spikes|p2a: Clefable
|-start|p1a: Greninja|typechange|Ground|[from] Protean
|-sidestart|p2: Ladder Test 8|Spikes
|move|p2a: Clefable|Soft-Boiled|p2a: Clefable
|-heal|p2a: Clefable|100\/100
|
|upkeep
|turn|9


|inactive|Time left: 150 sec this turn | 295 sec total


|
|switch|p1a: Scizor|Scizor, F|343\/343
|move|p2a: Clefable|Stealth Rock|p1a: Scizor
|-sidestart|p1: ass grabbin|move: Stealth Rock
|
|upkeep
|turn|10


|inactive|Time left: 150 sec this turn | 300 sec total


|
|-mega|p1a: Scizor|Scizor|Scizorite
|detailschange|p1a: Scizor|Scizor-Mega, F
|move|p1a: Scizor|Swords Dance|p1a: Scizor
|-boost|p1a: Scizor|atk|2
|move|p2a: Clefable|Wish|p2a: Clefable
|
|upkeep
|turn|11


|inactive|Time left: 150 sec this turn | 305 sec total


|
|switch|p2a: Kartana|Kartana|100\/100
|-damage|p2a: Kartana|88\/100|[from] Spikes
|-damage|p2a: Kartana|82\/100|[from] Stealth Rock
|move|p1a: Scizor|Swords Dance|p1a: Scizor
|-boost|p1a: Scizor|atk|2
|
|-heal|p2a: Kartana|100\/100|[from] move: Wish|[wisher] Clefable
|upkeep
|turn|12


|inactive|Time left: 150 sec this turn | 315 sec total


|
|move|p2a: Kartana|Swords Dance|p2a: Kartana
|-boost|p2a: Kartana|atk|2
|move|p1a: Scizor|Knock Off|p2a: Kartana
|-damage|p2a: Kartana|21\/100
|
|upkeep
|turn|13


|inactive|Time left: 150 sec this turn | 325 sec total


|-message|Ladder Test 8 forfeited.



|
|win|ass grabbin


|inactive|Time left: 150 sec this turn | 335 sec total

||Ladder updating...


|l|☆Ladder Test 8



|raw|ass grabbin's rating: 1674 &rarr; <strong>1695<\/strong><br \/>(+21 for winning)
|raw|Ladder Test 8's rating: 1695 &rarr; <strong>1674<\/strong><br \/>(-21 for losing)

</script>
</div>
<div class="battle-log battle-log-inline"><div class="inner"><div class="chat"><small>☆ass grabbin joined.</small></div><div class="chat"><small>☆Ladder Test 8 joined.</small></div><div style="padding:5px 0"><small>Format:</small> <br><strong>[Gen 7] OU</strong></div><div class="rated"><strong>Rated battle</strong></div><div><small><em>Sleep Clause Mod:</em> Limit one foe put to sleep</small></div><div><small><em>Species Clause:</em> Limit one of each Pokémon</small></div><div><small><em>OHKO Clause:</em> OHKO moves are banned</small></div><div><small><em>Moody Clause:</em> Moody is banned</small></div><div><small><em>Evasion Moves Clause:</em> Evasion moves are banned</small></div><div><small><em>Endless Battle Clause:</em> Forcing endless battles is banned</small></div><div><small><em>HP Percentage Mod:</em> HP is shown in percentages</small></div><div class="chat"><strong>ass grabbin's team:</strong> <em style="color:#445566;display:block;">Greninja / Landorus-Therian / Heatran / Scizor / Serperior / Zapdos</em></div><div class="chat"><strong>Ladder Test 8's team:</strong> <em style="color:#445566;display:block;">Tapu Bulu / Tyranitar / Gliscor / Excadrill / Clefable / Kartana</em></div><div class="chat"><div class="ladder"><table><tbody><tr><td colspan="8">User: <strong>assgrabbin</strong></td></tr><tr><th>Format</th><th><abbr title="Elo rating">Elo</abbr></th><th><abbr title="user's percentage chance of winning a random battle (aka GLIXARE)">GXE</abbr></th><th><abbr title="Glicko-1 rating: rating±deviation">Glicko-1</abbr></th><th>W</th><th>L</th><th>Total</th></tr><tr><td>[Gen 5] OU</td><td><strong>1105</strong></td><td>–</td><td><span><em>1591<small> ± 111</small></em> <small>(provisional)</small></span></td><td>3</td><td>0</td><td>3</td></tr><tr><td>[Gen 6] OU</td><td><strong>1213</strong></td><td>59<small>.0%</small></td><td><em>1569<small> ± 57</small></em></td><td>31</td><td>27</td><td>58</td></tr><tr><td>[Gen 7] Battle Factory</td><td><strong>1173</strong></td><td>67<small>.0%</small></td><td><em>1637<small> ± 84</small></em></td><td>9</td><td>3</td><td>12</td></tr><tr><td>[Gen 7] OU</td><td><strong>1674</strong></td><td>74<small>.2%</small></td><td><em>1699<small> ± 25</small></em></td><td>2</td><td>2</td><td>4</td></tr><tr><td>[Gen 7] Random Battle</td><td><strong>1038</strong></td><td>–</td><td><span><em>1497<small> ± 107</small></em> <small>(provisional)</small></span></td><td>2</td><td>2</td><td>4</td></tr><tr><td>[Gen 7] RU</td><td><strong>1173</strong></td><td>62<small>.6%</small></td><td><em>1599<small> ± 77</small></em></td><td>17</td><td>9</td><td>26</td></tr><tr><td>gen7rususpecttest</td><td><strong>1097</strong></td><td>47<small>.5%</small></td><td><em>1480<small> ± 95</small></em></td><td>3</td><td>4</td><td>7</td></tr><tr><td>[Gen 7] Ubers</td><td><strong>1400</strong></td><td>76<small>.4%</small></td><td><em>1725<small> ± 65</small></em></td><td>23</td><td>6</td><td>29</td></tr><tr><td>[Gen 7] UU</td><td><strong>1424</strong></td><td>65<small>.8%</small></td><td><em>1624<small> ± 46</small></em></td><td>108</td><td>89</td><td>197</td></tr><tr><td>gen7uususpecttest</td><td><strong>1107</strong></td><td>–</td><td><span><em>1586<small> ± 102</small></em> <small>(provisional)</small></span></td><td>4</td><td>1</td><td>5</td></tr><tr><td>[Gen 7] VGC 2018</td><td><strong>1152</strong></td><td>44<small>.7%</small></td><td><em>1459<small> ± 60</small></em></td><td>17</td><td>17</td><td>34</td></tr><tr><td colspan="8" style="text-align: right"><a href="//pokemonshowdown.com/users/assgrabbin" target="_blank" rel="noopener">Reset W/L</a></td></tr></tbody></table></div></div><div class="chat chatmessage-laddertest8"><span class="message-log">Ladder Test 8 made this room hidden.</span></div><div class="chat message-error">Battle timer is ON: inactive players will automatically lose when time's up. (requested by Ladder Test 8)</div><div class="chat message-error">ass grabbin also wants the timer to be on.</div><div>Battle between ass grabbin and Ladder Test 8 started!</div><div class="spacer battle-history"></div><div class="battle-history">Go! Greninja!</div><div class="spacer battle-history"></div><div class="battle-history">Ladder Test 8 sent out Tyranitar!</div><div class="battle-history"><small>[Opposing <span class="battle-nickname-foe" title="Tyranitar">Tyranitar</span>'s Sand Stream!]</small></div><div class="battle-history"><small>A sandstorm kicked up!</small></div><h2 class="battle-history">Turn 1</h2><div class="spacer battle-history"></div><div class="battle-history">Ladder Test 8 withdrew Tyranitar!</div><div class="battle-history">Ladder Test 8 sent out Tapu Bulu!</div><div class="battle-history"><small>[Opposing <span class="battle-nickname-foe" title="Tapu Bulu">Tapu Bulu</span>'s Grassy Surge!]</small></div><div class="battle-history"><small>Grass grew to cover the battlefield!</small></div><div class="spacer battle-history"></div><div class="battle-history"><span class="battle-nickname" title="Greninja">Greninja</span> used <strong>Ice Beam</strong>!</div><div class="spacer battle-history"></div><div class="battle-history"><small>[<span class="battle-nickname" title="Greninja">Greninja</span>'s Protean!]</small></div><div class="battle-history"><small><span class="battle-nickname" title="Greninja">Greninja</span> transformed into the Ice type!</small></div><div class="battle-history"><small>It's super effective! <br></small><small>The opposing <span class="battle-nickname-foe" title="Tapu Bulu">Tapu Bulu</span> lost 65% of its health!</small><br></div><div class="spacer battle-history"></div><div class="battle-history"><div><small>The sandstorm is raging.</small></div></div><div class="battle-history"><small><span class="battle-nickname" title="Greninja">Greninja</span> is buffeted by the sandstorm! <br>The opposing <span class="battle-nickname-foe" title="Tapu Bulu">Tapu Bulu</span> is buffeted by the sandstorm! </small></div><div class="battle-history"><small><span class="battle-nickname" title="Greninja">Greninja</span> restored HP using its Grassy Terrain!</small></div><div class="battle-history"><small>The opposing <span class="battle-nickname-foe" title="Tapu Bulu">Tapu Bulu</span> restored a little HP using its Leftovers!</small></div><div class="battle-history"><small>The opposing <span class="battle-nickname-foe" title="Tapu Bulu">Tapu Bulu</span> restored HP using its Grassy Terrain!</small></div><h2 class="battle-history">Turn 2</h2><div class="spacer battle-history"></div><div class="battle-history">Ladder Test 8 withdrew Tapu Bulu!</div><div class="battle-history">Ladder Test 8 sent out Tyranitar!</div><div class="spacer battle-history"></div><div class="battle-history"><span class="battle-nickname" title="Greninja">Greninja</span> used <strong>Ice Beam</strong>!</div><div class="battle-history"><small>The opposing <span class="battle-nickname-foe" title="Tyranitar">Tyranitar</span> lost 20% of its health!</small><br></div><div class="spacer battle-history"></div><div class="battle-history"><div><small>The sandstorm is raging.</small></div></div><div class="battle-history"><small><span class="battle-nickname" title="Greninja">Greninja</span> is buffeted by the sandstorm! </small></div><div class="battle-history"><small><span class="battle-nickname" title="Greninja">Greninja</span> restored HP using its Grassy Terrain!</small></div><div class="battle-history"><small>The opposing <span class="battle-nickname-foe" title="Tyranitar">Tyranitar</span> restored HP using its Grassy Terrain!</small></div><h2 class="battle-history">Turn 3</h2><div class="spacer battle-history"></div><div class="battle-history"><small><span class="battle-nickname" title="Greninja">Greninja</span> surrounded itself with its Z-Power! </small></div><div class="battle-history"><small><span class="battle-nickname" title="Greninja">Greninja</span> unleashes its full-force Z-Move!</small></div><div class="battle-history"><span class="battle-nickname" title="Greninja">Greninja</span> used <strong>Tectonic Rage</strong>!</div><div class="spacer battle-history"></div><div class="battle-history"><small>[<span class="battle-nickname" title="Greninja">Greninja</span>'s Protean!]</small></div><div class="battle-history"><small><span class="battle-nickname" title="Greninja">Greninja</span> transformed into the Ground type!</small></div><div class="battle-history"><small>It's super effective! <br></small><small>The opposing <span class="battle-nickname-foe" title="Tyranitar">Tyranitar</span> lost 86% of its health!</small><br></div><div class="spacer battle-history"></div><div class="battle-history">The opposing <span class="battle-nickname-foe" title="Tyranitar">Tyranitar</span> fainted!</div><div class="spacer battle-history"></div><div class="battle-history"><div><small>The sandstorm is raging.</small></div></div><div class="spacer battle-history"></div><div class="battle-history">Ladder Test 8 sent out Excadrill!</div><h2 class="battle-history">Turn 4</h2><div class="spacer battle-history"></div><div class="battle-history"><span class="battle-nickname" title="Greninja">Greninja</span>, come back!</div><div class="battle-history">Go! <span class="battle-nickname" title="Landorus-Therian">Landorus <small>(Landorus-Therian)</small></span>!</div><div class="battle-history"><small>[<span class="battle-nickname" title="Landorus-Therian">Landorus</span>'s Intimidate!]</small></div><div class="battle-history"><small>The opposing <span class="battle-nickname-foe" title="Excadrill">Excadrill</span>'s Attack fell! </small></div><div class="spacer battle-history"></div><div class="battle-history">The opposing <span class="battle-nickname-foe" title="Excadrill">Excadrill</span> used <strong>Toxic</strong>!</div><div class="battle-history"><small><span class="battle-nickname" title="Landorus-Therian">Landorus</span> was badly poisoned!</small></div><div class="spacer battle-history"></div><div class="battle-history"><div><small>The sandstorm is raging.</small></div></div><div class="battle-history"><small><span class="battle-nickname" title="Landorus-Therian">Landorus</span> was hurt by poison! </small></div><h2 class="battle-history">Turn 5</h2><div class="spacer battle-history"></div><div class="battle-history">Ladder Test 8 withdrew Excadrill!</div><div class="battle-history">Ladder Test 8 sent out Gliscor!</div><div class="spacer battle-history"></div><div class="battle-history"><span class="battle-nickname" title="Landorus-Therian">Landorus</span> used <strong>Stealth Rock</strong>!</div><div class="battle-history"><small>Pointed stones float in the air around the opposing team!</small></div><div class="spacer battle-history"></div><div class="battle-history"><small>The sandstorm subsided.</small></div><div class="battle-history"><small><span class="battle-nickname" title="Landorus-Therian">Landorus</span> restored a little HP using its Leftovers!</small></div><div class="battle-history"><small>The grass disappeared from the battlefield.</small></div><div class="battle-history"><small><span class="battle-nickname" title="Landorus-Therian">Landorus</span> was hurt by poison! </small></div><div class="battle-history"><small>The opposing <span class="battle-nickname-foe" title="Gliscor">Gliscor</span> was badly poisoned by the Toxic Orb!</small></div><h2 class="battle-history">Turn 6</h2><div class="spacer battle-history"></div><div class="battle-history"><span class="battle-nickname" title="Landorus-Therian">Landorus</span>, come back!</div><div class="battle-history">Go! Greninja!</div><div class="spacer battle-history"></div><div class="battle-history">The opposing <span class="battle-nickname-foe" title="Gliscor">Gliscor</span> used <strong>Swords Dance</strong>!</div><div class="battle-history"><small>The opposing <span class="battle-nickname-foe" title="Gliscor">Gliscor</span>'s Attack rose sharply! </small></div><h2 class="battle-history">Turn 7</h2><div class="spacer battle-history"></div><div class="battle-history">Ladder Test 8 withdrew Gliscor!</div><div class="battle-history">Ladder Test 8 sent out Clefable!</div><div class="spacer battle-history"></div><div class="battle-history"><span class="battle-nickname" title="Greninja">Greninja</span> used <strong>Ice Beam</strong>!</div><div class="spacer battle-history"></div><div class="battle-history"><small>[<span class="battle-nickname" title="Greninja">Greninja</span>'s Protean!]</small></div><div class="battle-history"><small><span class="battle-nickname" title="Greninja">Greninja</span> transformed into the Ice type!</small></div><div class="battle-history"><small>The opposing <span class="battle-nickname-foe" title="Clefable">Clefable</span> lost 28% of its health!</small><br></div><div class="spacer battle-history"></div><div class="battle-history"><small>The opposing <span class="battle-nickname-foe" title="Clefable">Clefable</span> restored a little HP using its Leftovers!</small></div><h2 class="battle-history">Turn 8</h2><div class="spacer battle-history"></div><div class="battle-history"><span class="battle-nickname" title="Greninja">Greninja</span> used <strong>Spikes</strong>!</div><div class="spacer battle-history"></div><div class="battle-history"><small>[<span class="battle-nickname" title="Greninja">Greninja</span>'s Protean!]</small></div><div class="battle-history"><small><span class="battle-nickname" title="Greninja">Greninja</span> transformed into the Ground type!</small></div><div class="battle-history"><small>Spikes were scattered on the ground all around the opposing team!</small></div><div class="battle-history">The opposing <span class="battle-nickname-foe" title="Clefable">Clefable</span> used <strong>Soft-Boiled</strong>!</div><div class="battle-history"><small>The opposing <span class="battle-nickname-foe" title="Clefable">Clefable</span> restored its HP.</small></div><h2 class="battle-history">Turn 9</h2><div class="spacer battle-history"></div><div class="battle-history"><span class="battle-nickname" title="Greninja">Greninja</span>, come back!</div><div class="battle-history">Go! Scizor!</div><div class="spacer battle-history"></div><div class="battle-history">The opposing <span class="battle-nickname-foe" title="Clefable">Clefable</span> used <strong>Stealth Rock</strong>!</div><div class="battle-history"><small>Pointed stones float in the air around your team!</small></div><h2 class="battle-history">Turn 10</h2><div class="spacer battle-history"></div><div class="battle-history"><small><span class="battle-nickname" title="Scizor">Scizor</span>'s Scizorite is reacting to the Key Stone!<br><span class="battle-nickname" title="Scizor">Scizor</span> has Mega Evolved into Mega Scizor!</small></div><div class="spacer battle-history"></div><div class="battle-history"><span class="battle-nickname" title="Scizor-Mega">Scizor</span> used <strong>Swords Dance</strong>!</div><div class="battle-history"><small><span class="battle-nickname" title="Scizor-Mega">Scizor</span>'s Attack rose sharply! </small></div><div class="spacer battle-history"></div><div class="battle-history">The opposing <span class="battle-nickname-foe" title="Clefable">Clefable</span> used <strong>Wish</strong>!</div><h2 class="battle-history">Turn 11</h2><div class="spacer battle-history"></div><div class="battle-history">Ladder Test 8 withdrew Clefable!</div><div class="battle-history">Ladder Test 8 sent out Kartana!</div><div class="battle-history"><small>The opposing <span class="battle-nickname-foe" title="Kartana">Kartana</span> is hurt by the spikes! </small></div><div class="battle-history"><small>Pointed stones dug into the opposing <span class="battle-nickname-foe" title="Kartana">Kartana</span>! </small></div><div class="spacer battle-history"></div><div class="battle-history"><span class="battle-nickname" title="Scizor-Mega">Scizor</span> used <strong>Swords Dance</strong>!</div><div class="battle-history"><small><span class="battle-nickname" title="Scizor-Mega">Scizor</span>'s Attack rose sharply! </small></div><div class="spacer battle-history"></div><div class="battle-history"><small>Clefable's wish came true!</small></div><h2 class="battle-history">Turn 12</h2><div class="spacer battle-history"></div><div class="battle-history">The opposing <span class="battle-nickname-foe" title="Kartana">Kartana</span> used <strong>Swords Dance</strong>!</div><div class="battle-history"><small>The opposing <span class="battle-nickname-foe" title="Kartana">Kartana</span>'s Attack rose sharply! </small></div><div class="spacer battle-history"></div><div class="battle-history"><span class="battle-nickname" title="Scizor-Mega">Scizor</span> used <strong>Knock Off</strong>!</div><div class="battle-history"><small>The opposing <span class="battle-nickname-foe" title="Kartana">Kartana</span> lost 79% of its health!</small><br></div><h2 class="battle-history">Turn 13</h2><div class="spacer battle-history"></div><div class="battle-history"><small>Ladder Test 8 forfeited.</small></div><div class="spacer battle-history"></div><div class="battle-history">ass grabbin won the battle!</div><div class="chat">Ladder updating...</div><div class="chat"><small>☆Ladder Test 8 left.</small></div><div class="chat">ass grabbin's rating: 1674 → <strong>1695</strong><br>(+21 for winning)</div><div class="chat">Ladder Test 8's rating: 1695 → <strong>1674</strong><br>(-21 for losing)</div></div></div>
</div>
<script>
var daily = Math.floor(Date.now()/1000/60/60/24);document.write('<script src="https://play.pokemonshowdown.com/js/replay-embed.js?version'+daily+'"></'+'script>');
</script>
