<!DOCTYPE html>
<meta charset="utf-8" />
<!-- version 1 -->
<title>[Gen 7] OU replay: ass grabbin vs. illusttrate</title>
<style>
html,body {font-family:Verdana, sans-serif;font-size:10pt;margin:0;padding:0;}body{padding:12px 0;} .battle-log {font-family:Verdana, sans-serif;font-size:10pt;} .battle-log-inline {border:1px solid #AAAAAA;background:#EEF2F5;color:black;max-width:640px;margin:0 auto 80px;padding-bottom:5px;} .battle-log .inner {padding:4px 8px 0px 8px;} .battle-log .inner-preempt {padding:0 8px 4px 8px;} .battle-log .inner-after {margin-top:0.5em;} .battle-log h2 {margin:0.5em -8px;padding:4px 8px;border:1px solid #AAAAAA;background:#E0E7EA;border-left:0;border-right:0;font-family:Verdana, sans-serif;font-size:13pt;} .battle-log .chat {vertical-align:middle;padding:3px 0 3px 0;font-size:8pt;} .battle-log .chat strong {color:#40576A;} .battle-log .chat em {padding:1px 4px 1px 3px;color:#000000;font-style:normal;} .chat.mine {background:rgba(0,0,0,0.05);margin-left:-8px;margin-right:-8px;padding-left:8px;padding-right:8px;} .spoiler {color:#BBBBBB;background:#BBBBBB;padding:0px 3px;} .spoiler:hover, .spoiler:active, .spoiler-shown {color:#000000;background:#E2E2E2;padding:0px 3px;} .spoiler a {color:#BBBBBB;} .spoiler:hover a, .spoiler:active a, .spoiler-shown a {color:#2288CC;} .chat code, .chat .spoiler:hover code, .chat .spoiler:active code, .chat .spoiler-shown code {border:1px solid #C0C0C0;background:#EEEEEE;color:black;padding:0 2px;} .chat .spoiler code {border:1px solid #CCCCCC;background:#CCCCCC;color:#CCCCCC;} .battle-log .rated {padding:3px 4px;} .battle-log .rated strong {color:white;background:#89A;padding:1px 4px;border-radius:4px;} .spacer {margin-top:0.5em;} .message-announce {background:#6688AA;color:white;padding:1px 4px 2px;} .message-announce a, .broadcast-green a, .broadcast-blue a, .broadcast-red a {color:#DDEEFF;} .broadcast-green {background-color:#559955;color:white;padding:2px 4px;} .broadcast-blue {background-color:#6688AA;color:white;padding:2px 4px;} .infobox {border:1px solid #6688AA;padding:2px 4px;} .infobox-limited {max-height:200px;overflow:auto;overflow-x:hidden;} .broadcast-red {background-color:#AA5544;color:white;padding:2px 4px;} .message-learn-canlearn {font-weight:bold;color:#228822;text-decoration:underline;} .message-learn-cannotlearn {font-weight:bold;color:#CC2222;text-decoration:underline;} .message-effect-weak {font-weight:bold;color:#CC2222;} .message-effect-resist {font-weight:bold;color:#6688AA;} .message-effect-immune {font-weight:bold;color:#666666;} .message-learn-list {margin-top:0;margin-bottom:0;} .message-throttle-notice, .message-error {color:#992222;} .message-overflow, .chat small.message-overflow {font-size:0pt;} .message-overflow::before {font-size:9pt;content:'...';} .subtle {color:#3A4A66;}
</style>
<div class="wrapper replay-wrapper" style="max-width:1180px;margin:0 auto">
<input type="hidden" name="replayid" value="gen7ou-733483736" />
<div class="battle"></div><div class="battle-log"></div><div class="replay-controls"></div><div class="replay-controls-2"></div>
<h1 style="font-weight:normal;text-align:center"><strong>[Gen 7] OU</strong><br /><a href="http://pokemonshowdown.com/users/assgrabbin" class="subtle" target="_blank">ass grabbin</a> vs. <a href="http://pokemonshowdown.com/users/illusttrate" class="subtle" target="_blank">illusttrate</a></h1>
<script type="text/plain" class="battle-log-data">|j|☆ass grabbin


|j|☆illusttrate



|player|p1|ass grabbin|70



|player|p2|illusttrate|37
|teamsize|p1|6
|teamsize|p2|6
|gametype|singles
|gen|7
|tier|[Gen 7] OU
|rated|
|seed|
|rule|Sleep Clause Mod: Limit one foe put to sleep
|rule|Species Clause: Limit one of each Pokémon
|rule|OHKO Clause: OHKO moves are banned
|rule|Moody Clause: Moody is banned
|rule|Evasion Moves Clause: Evasion moves are banned
|rule|Endless Battle Clause: Forcing endless battles is banned
|rule|HP Percentage Mod: HP is shown in percentages
|clearpoke
|poke|p1|Greninja, M|item
|poke|p1|Landorus-Therian, M|item
|poke|p1|Heatran, F|item
|poke|p1|Scizor, F|item
|poke|p1|Serperior, F|item
|poke|p1|Zapdos|item
|poke|p2|Ninetales-Alola, F|item
|poke|p2|Landorus-Therian, M|item
|poke|p2|Thundurus-Therian, M|item
|poke|p2|Magearna|item
|poke|p2|Tyranitar, F|item
|poke|p2|Volcarona, M|item
|teampreview


|inactive|Time left: 150 sec this turn | 220 sec total


|inactive|Battle timer is ON: inactive players will automatically lose when time's up. (requested by illusttrate)



|
|start
|switch|p1a: Greninja|Greninja, M|285\/285
|switch|p2a: Landorus|Landorus-Therian, M|100\/100
|-ability|p2a: Landorus|Intimidate|boost
|-unboost|p1a: Greninja|atk|1
|turn|1


|inactive|Time left: 150 sec this turn | 230 sec total


|
|move|p1a: Greninja|Ice Beam|p2a: Landorus
|-start|p1a: Greninja|typechange|Ice|[from] Protean
|-supereffective|p2a: Landorus
|-enditem|p2a: Landorus|Focus Sash
|-damage|p2a: Landorus|1\/100
|move|p2a: Landorus|Stealth Rock|p1a: Greninja
|-sidestart|p1: ass grabbin|move: Stealth Rock
|
|upkeep
|turn|2


|inactive|Time left: 150 sec this turn | 240 sec total


|
|move|p1a: Greninja|Ice Beam|p2a: Landorus
|-supereffective|p2a: Landorus
|-damage|p2a: Landorus|0 fnt
|faint|p2a: Landorus
|
|upkeep


|inactive|Time left: 150 sec this turn | 245 sec total


|
|switch|p2a: Ninetales|Ninetales-Alola, F|100\/100
|-weather|Hail|[from] ability: Snow Warning|[of] p2a: Ninetales
|turn|3


|inactive|Time left: 150 sec this turn | 255 sec total


|
|switch|p2a: Magearna|Magearna|100\/100
|move|p1a: Greninja|Hidden Power|p2a: Magearna
|-start|p1a: Greninja|typechange|Fire|[from] Protean
|-supereffective|p2a: Magearna
|-damage|p2a: Magearna|59\/100
|
|-weather|Hail|[upkeep]
|-damage|p1a: Greninja|268\/285|[from] Hail
|-damage|p2a: Magearna|53\/100|[from] Hail
|-heal|p2a: Magearna|59\/100|[from] item: Leftovers
|upkeep
|turn|4


|inactive|Time left: 150 sec this turn | 265 sec total


|
|switch|p2a: Tyranitar|Tyranitar, F|100\/100
|-weather|Sandstorm|[from] ability: Sand Stream|[of] p2a: Tyranitar
|-zpower|p1a: Greninja
|move|p1a: Greninja|Tectonic Rage|p2a: Tyranitar|[zeffect]
|-start|p1a: Greninja|typechange|Ground|[from] Protean
|-supereffective|p2a: Tyranitar
|-damage|p2a: Tyranitar|20\/100
|
|-weather|Sandstorm|[upkeep]
|upkeep
|turn|5


|inactive|Time left: 150 sec this turn | 270 sec total


|inactive|illusttrate has 135 seconds left.



|
|-mega|p2a: Tyranitar|Tyranitar|Tyranitarite
|detailschange|p2a: Tyranitar|Tyranitar-Mega, F
|move|p1a: Greninja|Dig|p2a: Tyranitar|[still]
|-prepare|p1a: Greninja|Dig|p2a: Tyranitar
|move|p2a: Tyranitar|Dragon Dance|p2a: Tyranitar
|-boost|p2a: Tyranitar|atk|1
|-boost|p2a: Tyranitar|spe|1
|
|-weather|Sandstorm|[upkeep]
|upkeep
|turn|6


|inactive|Time left: 150 sec this turn | 280 sec total


|
|switch|p2a: Thundurus|Thundurus-Therian, M|100\/100
|move|p1a: Greninja|Dig|p2a: Thundurus|[from]lockedmove
|-immune|p2a: Thundurus|[msg]
|
|-weather|Sandstorm|[upkeep]
|-damage|p2a: Thundurus|94\/100|[from] Sandstorm
|upkeep
|turn|7


|inactive|Time left: 150 sec this turn | 285 sec total


|
|move|p1a: Greninja|Ice Beam|p2a: Thundurus
|-start|p1a: Greninja|typechange|Ice|[from] Protean
|-supereffective|p2a: Thundurus
|-damage|p2a: Thundurus|10\/100
|move|p2a: Thundurus|Thunderbolt|p1a: Greninja
|-damage|p1a: Greninja|0 fnt
|-damage|p2a: Thundurus|0 fnt|[from] item: Life Orb
|faint|p1a: Greninja
|faint|p2a: Thundurus
|
|-weather|Sandstorm|[upkeep]
|upkeep


|inactive|Time left: 150 sec this turn | 295 sec total


|inactive|ass grabbin has 135 seconds left.



|
|switch|p1a: Landorus|Landorus-Therian, M|382\/382
|switch|p2a: Ninetales|Ninetales-Alola, F|100\/100
|-weather|Hail|[from] ability: Snow Warning|[of] p2a: Ninetales
|-damage|p1a: Landorus|335\/382|[from] Stealth Rock
|-ability|p1a: Landorus|Intimidate|boost
|-unboost|p2a: Ninetales|atk|1
|turn|8


|inactive|Time left: 150 sec this turn | 290 sec total


|
|move|p2a: Ninetales|Aurora Veil|p2a: Ninetales
|-sidestart|p2: illusttrate|move: Aurora Veil
|move|p1a: Landorus|Stealth Rock|p2a: Ninetales
|-sidestart|p2: illusttrate|move: Stealth Rock
|
|-weather|Hail|[upkeep]
|-damage|p1a: Landorus|312\/382|[from] Hail
|-heal|p1a: Landorus|335\/382|[from] item: Leftovers
|upkeep
|turn|9


|inactive|Time left: 150 sec this turn | 300 sec total


|
|switch|p1a: Heatran|Heatran, F|386\/386
|-damage|p1a: Heatran|338\/386|[from] Stealth Rock
|move|p2a: Ninetales|Freeze-Dry|p1a: Heatran
|-resisted|p1a: Heatran
|-damage|p1a: Heatran|322\/386
|
|-weather|Hail|[upkeep]
|-damage|p1a: Heatran|298\/386|[from] Hail
|-heal|p1a: Heatran|322\/386|[from] item: Leftovers
|upkeep
|turn|10


|inactive|Time left: 150 sec this turn | 305 sec total


|
|move|p2a: Ninetales|Hypnosis|p1a: Heatran|[miss]
|-miss|p2a: Ninetales|p1a: Heatran
|move|p1a: Heatran|Toxic|p2a: Ninetales|[miss]
|-miss|p1a: Heatran|p2a: Ninetales
|
|-weather|Hail|[upkeep]
|-damage|p1a: Heatran|298\/386|[from] Hail
|-heal|p1a: Heatran|322\/386|[from] item: Leftovers
|upkeep
|turn|11


|inactive|Time left: 150 sec this turn | 310 sec total


|
|move|p2a: Ninetales|Hypnosis|p1a: Heatran
|-status|p1a: Heatran|slp
|cant|p1a: Heatran|slp
|
|-weather|Hail|[upkeep]
|-damage|p1a: Heatran|298\/386 slp|[from] Hail
|-heal|p1a: Heatran|322\/386 slp|[from] item: Leftovers
|upkeep
|turn|12


|inactive|Time left: 150 sec this turn | 320 sec total


|
|switch|p2a: Volcarona|Volcarona, M|100\/100
|-damage|p2a: Volcarona|51\/100|[from] Stealth Rock
|switch|p1a: Serperior|Serperior, F|291\/291
|-damage|p1a: Serperior|255\/291|[from] Stealth Rock
|
|-weather|none
|upkeep
|turn|13


|inactive|Time left: 150 sec this turn | 330 sec total


|
|move|p1a: Serperior|Glare|p2a: Volcarona
|-status|p2a: Volcarona|par
|cant|p2a: Volcarona|par
|
|upkeep
|turn|14


|inactive|Time left: 150 sec this turn | 340 sec total


|
|switch|p1a: Landorus|Landorus-Therian, M|335\/382
|-damage|p1a: Landorus|288\/382|[from] Stealth Rock
|-ability|p1a: Landorus|Intimidate|boost
|-unboost|p2a: Volcarona|atk|1
|move|p2a: Volcarona|Quiver Dance|p2a: Volcarona
|-boost|p2a: Volcarona|spa|1
|-boost|p2a: Volcarona|spd|1
|-boost|p2a: Volcarona|spe|1
|
|-heal|p1a: Landorus|311\/382|[from] item: Leftovers
|upkeep
|turn|15


|inactive|Time left: 150 sec this turn | 345 sec total


|
|move|p2a: Volcarona|Quiver Dance|p2a: Volcarona
|-boost|p2a: Volcarona|spa|1
|-boost|p2a: Volcarona|spd|1
|-boost|p2a: Volcarona|spe|1
|move|p1a: Landorus|Earthquake|p2a: Volcarona
|-damage|p2a: Volcarona|17\/100 par
|
|-heal|p1a: Landorus|334\/382|[from] item: Leftovers
|-sideend|p2: illusttrate|move: Aurora Veil
|upkeep
|turn|16


|inactive|Time left: 150 sec this turn | 355 sec total


|
|move|p2a: Volcarona|Fire Blast|p1a: Landorus
|-damage|p1a: Landorus|0 fnt
|faint|p1a: Landorus
|
|upkeep


|inactive|Time left: 150 sec this turn | 365 sec total


|
|switch|p1a: Scizor|Scizor, F|343\/343
|-damage|p1a: Scizor|301\/343|[from] Stealth Rock
|turn|17


|inactive|Time left: 150 sec this turn | 375 sec total


|
|-mega|p1a: Scizor|Scizor|Scizorite
|detailschange|p1a: Scizor|Scizor-Mega, F
|move|p1a: Scizor|Bullet Punch|p2a: Volcarona
|-resisted|p2a: Volcarona
|-damage|p2a: Volcarona|0 fnt
|faint|p2a: Volcarona
|
|upkeep


|inactive|Time left: 150 sec this turn | 385 sec total


|
|switch|p2a: Magearna|Magearna|59\/100
|-damage|p2a: Magearna|53\/100|[from] Stealth Rock
|turn|18


|inactive|Time left: 150 sec this turn | 395 sec total


|
|move|p1a: Scizor|Bullet Punch|p2a: Magearna
|-crit|p2a: Magearna
|-damage|p2a: Magearna|0 fnt
|faint|p2a: Magearna
|
|upkeep


|inactive|Time left: 150 sec this turn | 400 sec total


|
|switch|p2a: Ninetales|Ninetales-Alola, F|100\/100
|-damage|p2a: Ninetales|76\/100|[from] Stealth Rock
|-weather|Hail|[from] ability: Snow Warning|[of] p2a: Ninetales
|turn|19


|inactive|Time left: 150 sec this turn | 410 sec total


|
|move|p1a: Scizor|Bullet Punch|p2a: Ninetales
|-supereffective|p2a: Ninetales
|-damage|p2a: Ninetales|0 fnt
|faint|p2a: Ninetales
|
|-weather|Hail|[upkeep]
|-damage|p1a: Scizor|280\/343|[from] Hail
|upkeep


|inactive|Time left: 150 sec this turn | 420 sec total


|
|switch|p2a: Tyranitar|Tyranitar-Mega, F|20\/100
|-damage|p2a: Tyranitar|7\/100|[from] Stealth Rock
|-weather|Sandstorm|[from] ability: Sand Stream|[of] p2a: Tyranitar
|turn|20


|inactive|Time left: 150 sec this turn | 430 sec total


|
|move|p1a: Scizor|Bullet Punch|p2a: Tyranitar
|-supereffective|p2a: Tyranitar
|-damage|p2a: Tyranitar|0 fnt
|faint|p2a: Tyranitar
|
|win|ass grabbin


|inactive|Time left: 150 sec this turn | 440 sec total

||Ladder updating...


|raw|ass grabbin's rating: 1613 &rarr; <strong>1638<\/strong><br \/>(+25 for winning)
|raw|illusttrate's rating: 1703 &rarr; <strong>1678<\/strong><br \/>(-25 for losing)



|l|☆illusttrate

</script>
</div>
<div class="battle-log battle-log-inline"><div class="inner"><div class="chat"><small>☆ass grabbin joined.</small></div><div class="chat"><small>☆illusttrate joined.</small></div><div style="padding:5px 0"><small>Format:</small> <br><strong>[Gen 7] OU</strong></div><div class="rated"><strong>Rated battle</strong></div><div><small><em>Sleep Clause Mod:</em> Limit one foe put to sleep</small></div><div><small><em>Species Clause:</em> Limit one of each Pokémon</small></div><div><small><em>OHKO Clause:</em> OHKO moves are banned</small></div><div><small><em>Moody Clause:</em> Moody is banned</small></div><div><small><em>Evasion Moves Clause:</em> Evasion moves are banned</small></div><div><small><em>Endless Battle Clause:</em> Forcing endless battles is banned</small></div><div><small><em>HP Percentage Mod:</em> HP is shown in percentages</small></div><div class="chat"><strong>ass grabbin's team:</strong> <em style="color:#445566;display:block;">Greninja / Landorus-Therian / Heatran / Scizor / Serperior / Zapdos</em></div><div class="chat"><strong>illusttrate's team:</strong> <em style="color:#445566;display:block;">Ninetales-Alola / Landorus-Therian / Thundurus-Therian / Magearna / Tyranitar / Volcarona</em></div><div class="chat message-error">Battle timer is ON: inactive players will automatically lose when time's up. (requested by illusttrate)</div><div>Battle between ass grabbin and illusttrate started!</div><div class="spacer battle-history"></div><div class="battle-history">Go! Greninja!</div><div class="spacer battle-history"></div><div class="battle-history">illusttrate sent out <span class="battle-nickname-foe" title="Landorus-Therian">Landorus <small>(Landorus-Therian)</small></span>!</div><div class="battle-history"><small>[Opposing <span class="battle-nickname-foe" title="Landorus-Therian">Landorus</span>'s Intimidate!]</small></div><div class="battle-history"><small><span class="battle-nickname" title="Greninja">Greninja</span>'s Attack fell! </small></div><h2 class="battle-history">Turn 1</h2><div class="spacer battle-history"></div><div class="battle-history"><span class="battle-nickname" title="Greninja">Greninja</span> used <strong>Ice Beam</strong>!</div><div class="spacer battle-history"></div><div class="battle-history"><small>[<span class="battle-nickname" title="Greninja">Greninja</span>'s Protean!]</small></div><div class="battle-history"><small><span class="battle-nickname" title="Greninja">Greninja</span> transformed into the Ice type!</small></div><div class="battle-history"><small>It's super effective! <br>The opposing <span class="battle-nickname-foe" title="Landorus-Therian">Landorus</span> hung on using its Focus Sash!</small></div><div class="battle-history"><small>The opposing <span class="battle-nickname-foe" title="Landorus-Therian">Landorus</span> lost 99% of its health!</small><br></div><div class="battle-history">The opposing <span class="battle-nickname-foe" title="Landorus-Therian">Landorus</span> used <strong>Stealth Rock</strong>!</div><div class="battle-history"><small>Pointed stones float in the air around your team!</small></div><h2 class="battle-history">Turn 2</h2><div class="spacer battle-history"></div><div class="battle-history"><span class="battle-nickname" title="Greninja">Greninja</span> used <strong>Ice Beam</strong>!</div><div class="battle-history"><small>It's super effective! <br></small><small>The opposing <span class="battle-nickname-foe" title="Landorus-Therian">Landorus</span> lost 1% of its health!</small><br></div><div class="spacer battle-history"></div><div class="battle-history">The opposing <span class="battle-nickname-foe" title="Landorus-Therian">Landorus</span> fainted!</div><div class="spacer battle-history"></div><div class="battle-history">illusttrate sent out <span class="battle-nickname-foe" title="Ninetales-Alola">Ninetales <small>(Ninetales-Alola)</small></span>!</div><div class="battle-history"><small>[Opposing <span class="battle-nickname-foe" title="Ninetales-Alola">Ninetales</span>'s Snow Warning!]</small></div><div class="battle-history"><small>It started to hail!</small></div><h2 class="battle-history">Turn 3</h2><div class="spacer battle-history"></div><div class="battle-history">illusttrate withdrew <span class="battle-nickname-foe" title="Ninetales-Alola">Ninetales <small>(Ninetales-Alola)</small></span>!</div><div class="battle-history">illusttrate sent out Magearna!</div><div class="spacer battle-history"></div><div class="battle-history"><span class="battle-nickname" title="Greninja">Greninja</span> used <strong>Hidden Power</strong>!</div><div class="spacer battle-history"></div><div class="battle-history"><small>[<span class="battle-nickname" title="Greninja">Greninja</span>'s Protean!]</small></div><div class="battle-history"><small><span class="battle-nickname" title="Greninja">Greninja</span> transformed into the Fire type!</small></div><div class="battle-history"><small>It's super effective! <br></small><small>The opposing <span class="battle-nickname-foe" title="Magearna">Magearna</span> lost 41% of its health!</small><br></div><div class="spacer battle-history"></div><div class="battle-history"><div><small>The hail is crashing down.</small></div></div><div class="battle-history"><small><span class="battle-nickname" title="Greninja">Greninja</span> is buffeted by the hail! <br>The opposing <span class="battle-nickname-foe" title="Magearna">Magearna</span> is buffeted by the hail! </small></div><div class="battle-history"><small>The opposing <span class="battle-nickname-foe" title="Magearna">Magearna</span> restored a little HP using its Leftovers!</small></div><h2 class="battle-history">Turn 4</h2><div class="spacer battle-history"></div><div class="battle-history">illusttrate withdrew Magearna!</div><div class="battle-history">illusttrate sent out Tyranitar!</div><div class="battle-history"><small>[Opposing <span class="battle-nickname-foe" title="Tyranitar">Tyranitar</span>'s Sand Stream!]</small></div><div class="battle-history"><small>A sandstorm kicked up!</small></div><div class="spacer battle-history"></div><div class="battle-history"><small><span class="battle-nickname" title="Greninja">Greninja</span> surrounded itself with its Z-Power! </small></div><div class="battle-history"><small><span class="battle-nickname" title="Greninja">Greninja</span> unleashes its full-force Z-Move!</small></div><div class="battle-history"><span class="battle-nickname" title="Greninja">Greninja</span> used <strong>Tectonic Rage</strong>!</div><div class="spacer battle-history"></div><div class="battle-history"><small>[<span class="battle-nickname" title="Greninja">Greninja</span>'s Protean!]</small></div><div class="battle-history"><small><span class="battle-nickname" title="Greninja">Greninja</span> transformed into the Ground type!</small></div><div class="battle-history"><small>It's super effective! <br></small><small>The opposing <span class="battle-nickname-foe" title="Tyranitar">Tyranitar</span> lost 80% of its health!</small><br></div><div class="spacer battle-history"></div><div class="battle-history"><div><small>The sandstorm is raging.</small></div></div><h2 class="battle-history">Turn 5</h2><div class="chat message-error">illusttrate has 135 seconds left.</div><div class="spacer battle-history"></div><div class="battle-history"><small>The opposing <span class="battle-nickname-foe" title="Tyranitar">Tyranitar</span>'s Tyranitarite is reacting to the Key Stone!<br>The opposing <span class="battle-nickname-foe" title="Tyranitar">Tyranitar</span> has Mega Evolved into Mega Tyranitar!</small></div><div class="spacer battle-history"></div><div class="battle-history"><span class="battle-nickname" title="Greninja">Greninja</span> used <strong>Dig</strong>!</div><div class="battle-history"><small><span class="battle-nickname" title="Greninja">Greninja</span> burrowed its way under the ground!</small></div><div class="spacer battle-history"></div><div class="battle-history">The opposing <span class="battle-nickname-foe" title="Tyranitar-Mega">Tyranitar</span> used <strong>Dragon Dance</strong>!</div><div class="battle-history"><small>The opposing <span class="battle-nickname-foe" title="Tyranitar-Mega">Tyranitar</span>'s Attack rose! <br>The opposing <span class="battle-nickname-foe" title="Tyranitar-Mega">Tyranitar</span>'s Speed rose! </small></div><div class="spacer battle-history"></div><div class="battle-history"><div><small>The sandstorm is raging.</small></div></div><h2 class="battle-history">Turn 6</h2><div class="spacer battle-history"></div><div class="battle-history">illusttrate withdrew <span class="battle-nickname-foe" title="Tyranitar-Mega">Tyranitar <small>(Tyranitar-Mega)</small></span>!</div><div class="battle-history">illusttrate sent out <span class="battle-nickname-foe" title="Thundurus-Therian">Thundurus <small>(Thundurus-Therian)</small></span>!</div><div class="spacer battle-history"></div><div class="battle-history"><span class="battle-nickname" title="Greninja">Greninja</span> used <strong>Dig</strong>!</div><div class="battle-history"><small>It doesn't affect the opposing <span class="battle-nickname-foe" title="Thundurus-Therian">Thundurus</span>... </small></div><div class="spacer battle-history"></div><div class="battle-history"><div><small>The sandstorm is raging.</small></div></div><div class="battle-history"><small>The opposing <span class="battle-nickname-foe" title="Thundurus-Therian">Thundurus</span> is buffeted by the sandstorm! </small></div><h2 class="battle-history">Turn 7</h2><div class="spacer battle-history"></div><div class="battle-history"><span class="battle-nickname" title="Greninja">Greninja</span> used <strong>Ice Beam</strong>!</div><div class="spacer battle-history"></div><div class="battle-history"><small>[<span class="battle-nickname" title="Greninja">Greninja</span>'s Protean!]</small></div><div class="battle-history"><small><span class="battle-nickname" title="Greninja">Greninja</span> transformed into the Ice type!</small></div><div class="battle-history"><small>It's super effective! <br></small><small>The opposing <span class="battle-nickname-foe" title="Thundurus-Therian">Thundurus</span> lost 84% of its health!</small><br></div><div class="battle-history">The opposing <span class="battle-nickname-foe" title="Thundurus-Therian">Thundurus</span> used <strong>Thunderbolt</strong>!</div><div class="battle-history"><small><span class="battle-nickname" title="Greninja">Greninja</span> lost <abbr title="−268/285">94.0%</abbr> of its health!</small><br></div><div class="battle-history"><small>The opposing <span class="battle-nickname-foe" title="Thundurus-Therian">Thundurus</span> lost some of its HP!</small></div><div class="spacer battle-history"></div><div class="battle-history"><span class="battle-nickname" title="Greninja">Greninja</span> fainted!</div><div class="spacer battle-history"></div><div class="battle-history">The opposing <span class="battle-nickname-foe" title="Thundurus-Therian">Thundurus</span> fainted!</div><div class="spacer battle-history"></div><div class="battle-history"><div><small>The sandstorm is raging.</small></div></div><div class="chat message-error">ass grabbin has 135 seconds left.</div><div class="spacer battle-history"></div><div class="battle-history">Go! <span class="battle-nickname" title="Landorus-Therian">Landorus <small>(Landorus-Therian)</small></span>!</div><div class="spacer battle-history"></div><div class="battle-history">illusttrate sent out <span class="battle-nickname-foe" title="Ninetales-Alola">Ninetales <small>(Ninetales-Alola)</small></span>!</div><div class="battle-history"><small>[Opposing <span class="battle-nickname-foe" title="Ninetales-Alola">Ninetales</span>'s Snow Warning!]</small></div><div class="battle-history"><small>It started to hail!</small></div><div class="battle-history"><small>Pointed stones dug into <span class="battle-nickname" title="Landorus-Therian">Landorus</span>! </small></div><div class="battle-history"><small>[<span class="battle-nickname" title="Landorus-Therian">Landorus</span>'s Intimidate!]</small></div><div class="battle-history"><small>The opposing <span class="battle-nickname-foe" title="Ninetales-Alola">Ninetales</span>'s Attack fell! </small></div><h2 class="battle-history">Turn 8</h2><div class="spacer battle-history"></div><div class="battle-history">The opposing <span class="battle-nickname-foe" title="Ninetales-Alola">Ninetales</span> used <strong>Aurora Veil</strong>!</div><div class="battle-history"><small>Aurora Veil made the opposing team stronger against physical and special moves!</small></div><div class="spacer battle-history"></div><div class="battle-history"><span class="battle-nickname" title="Landorus-Therian">Landorus</span> used <strong>Stealth Rock</strong>!</div><div class="battle-history"><small>Pointed stones float in the air around the opposing team!</small></div><div class="spacer battle-history"></div><div class="battle-history"><div><small>The hail is crashing down.</small></div></div><div class="battle-history"><small><span class="battle-nickname" title="Landorus-Therian">Landorus</span> is buffeted by the hail! </small></div><div class="battle-history"><small><span class="battle-nickname" title="Landorus-Therian">Landorus</span> restored a little HP using its Leftovers!</small></div><h2 class="battle-history">Turn 9</h2><div class="spacer battle-history"></div><div class="battle-history"><span class="battle-nickname" title="Landorus-Therian">Landorus</span>, come back!</div><div class="battle-history">Go! Heatran!</div><div class="battle-history"><small>Pointed stones dug into <span class="battle-nickname" title="Heatran">Heatran</span>! </small></div><div class="spacer battle-history"></div><div class="battle-history">The opposing <span class="battle-nickname-foe" title="Ninetales-Alola">Ninetales</span> used <strong>Freeze-Dry</strong>!</div><div class="battle-history"><small>It's not very effective... <br></small><small><span class="battle-nickname" title="Heatran">Heatran</span> lost <abbr title="−16/386">4.1%</abbr> of its health!</small><br></div><div class="spacer battle-history"></div><div class="battle-history"><div><small>The hail is crashing down.</small></div></div><div class="battle-history"><small><span class="battle-nickname" title="Heatran">Heatran</span> is buffeted by the hail! </small></div><div class="battle-history"><small><span class="battle-nickname" title="Heatran">Heatran</span> restored a little HP using its Leftovers!</small></div><h2 class="battle-history">Turn 10</h2><div class="spacer battle-history"></div><div class="battle-history">The opposing <span class="battle-nickname-foe" title="Ninetales-Alola">Ninetales</span> used <strong>Hypnosis</strong>!</div><div class="battle-history"><small><span class="battle-nickname" title="Heatran">Heatran</span> avoided the attack!</small></div><div class="spacer battle-history"></div><div class="battle-history"><span class="battle-nickname" title="Heatran">Heatran</span> used <strong>Toxic</strong>!</div><div class="battle-history"><small>The opposing <span class="battle-nickname-foe" title="Ninetales-Alola">Ninetales</span> avoided the attack!</small></div><div class="spacer battle-history"></div><div class="battle-history"><div><small>The hail is crashing down.</small></div></div><div class="battle-history"><small><span class="battle-nickname" title="Heatran">Heatran</span> is buffeted by the hail! </small></div><div class="battle-history"><small><span class="battle-nickname" title="Heatran">Heatran</span> restored a little HP using its Leftovers!</small></div><h2 class="battle-history">Turn 11</h2><div class="spacer battle-history"></div><div class="battle-history">The opposing <span class="battle-nickname-foe" title="Ninetales-Alola">Ninetales</span> used <strong>Hypnosis</strong>!</div><div class="battle-history"><small><span class="battle-nickname" title="Heatran">Heatran</span> fell asleep!</small></div><div class="spacer battle-history"></div><div class="battle-history"><span class="battle-nickname" title="Heatran">Heatran</span> is fast asleep.</div><div class="spacer battle-history"></div><div class="battle-history"><div><small>The hail is crashing down.</small></div></div><div class="battle-history"><small><span class="battle-nickname" title="Heatran">Heatran</span> is buffeted by the hail! </small></div><div class="battle-history"><small><span class="battle-nickname" title="Heatran">Heatran</span> restored a little HP using its Leftovers!</small></div><h2 class="battle-history">Turn 12</h2><div class="spacer battle-history"></div><div class="battle-history">illusttrate withdrew <span class="battle-nickname-foe" title="Ninetales-Alola">Ninetales <small>(Ninetales-Alola)</small></span>!</div><div class="battle-history">illusttrate sent out Volcarona!</div><div class="battle-history"><small>Pointed stones dug into the opposing <span class="battle-nickname-foe" title="Volcarona">Volcarona</span>! </small></div><div class="spacer battle-history"></div><div class="battle-history"><span class="battle-nickname" title="Heatran">Heatran</span>, come back!</div><div class="battle-history">Go! Serperior!</div><div class="battle-history"><small>Pointed stones dug into <span class="battle-nickname" title="Serperior">Serperior</span>! </small></div><div class="spacer battle-history"></div><div class="battle-history"><small>The hail stopped.</small></div><h2 class="battle-history">Turn 13</h2><div class="spacer battle-history"></div><div class="battle-history"><span class="battle-nickname" title="Serperior">Serperior</span> used <strong>Glare</strong>!</div><div class="battle-history"><small>The opposing <span class="battle-nickname-foe" title="Volcarona">Volcarona</span> is paralyzed! It may be unable to move!</small></div><div class="spacer battle-history"></div><div class="battle-history">The opposing <span class="battle-nickname-foe" title="Volcarona">Volcarona</span> is paralyzed! It can't move!</div><h2 class="battle-history">Turn 14</h2><div class="spacer battle-history"></div><div class="battle-history"><span class="battle-nickname" title="Serperior">Serperior</span>, come back!</div><div class="battle-history">Go! <span class="battle-nickname" title="Landorus-Therian">Landorus <small>(Landorus-Therian)</small></span>!</div><div class="battle-history"><small>Pointed stones dug into <span class="battle-nickname" title="Landorus-Therian">Landorus</span>! </small></div><div class="battle-history"><small>[<span class="battle-nickname" title="Landorus-Therian">Landorus</span>'s Intimidate!]</small></div><div class="battle-history"><small>The opposing <span class="battle-nickname-foe" title="Volcarona">Volcarona</span>'s Attack fell! </small></div><div class="spacer battle-history"></div><div class="battle-history">The opposing <span class="battle-nickname-foe" title="Volcarona">Volcarona</span> used <strong>Quiver Dance</strong>!</div><div class="battle-history"><small>The opposing <span class="battle-nickname-foe" title="Volcarona">Volcarona</span>'s Special Attack rose! <br>The opposing <span class="battle-nickname-foe" title="Volcarona">Volcarona</span>'s Special Defense rose! <br>The opposing <span class="battle-nickname-foe" title="Volcarona">Volcarona</span>'s Speed rose! </small></div><div class="spacer battle-history"></div><div class="battle-history"><small><span class="battle-nickname" title="Landorus-Therian">Landorus</span> restored a little HP using its Leftovers!</small></div><h2 class="battle-history">Turn 15</h2><div class="spacer battle-history"></div><div class="battle-history">The opposing <span class="battle-nickname-foe" title="Volcarona">Volcarona</span> used <strong>Quiver Dance</strong>!</div><div class="battle-history"><small>The opposing <span class="battle-nickname-foe" title="Volcarona">Volcarona</span>'s Special Attack rose! <br>The opposing <span class="battle-nickname-foe" title="Volcarona">Volcarona</span>'s Special Defense rose! <br>The opposing <span class="battle-nickname-foe" title="Volcarona">Volcarona</span>'s Speed rose! </small></div><div class="spacer battle-history"></div><div class="battle-history"><span class="battle-nickname" title="Landorus-Therian">Landorus</span> used <strong>Earthquake</strong>!</div><div class="battle-history"><small>The opposing <span class="battle-nickname-foe" title="Volcarona">Volcarona</span> lost 34% of its health!</small><br></div><div class="spacer battle-history"></div><div class="battle-history"><small><span class="battle-nickname" title="Landorus-Therian">Landorus</span> restored a little HP using its Leftovers!</small></div><div class="battle-history"><small>The opposing team's Aurora Veil wore off!</small></div><h2 class="battle-history">Turn 16</h2><div class="spacer battle-history"></div><div class="battle-history">The opposing <span class="battle-nickname-foe" title="Volcarona">Volcarona</span> used <strong>Fire Blast</strong>!</div><div class="battle-history"><small><span class="battle-nickname" title="Landorus-Therian">Landorus</span> lost <abbr title="−334/382">87.4%</abbr> of its health!</small><br></div><div class="spacer battle-history"></div><div class="battle-history"><span class="battle-nickname" title="Landorus-Therian">Landorus</span> fainted!</div><div class="spacer battle-history"></div><div class="battle-history">Go! Scizor!</div><div class="battle-history"><small>Pointed stones dug into <span class="battle-nickname" title="Scizor">Scizor</span>! </small></div><h2 class="battle-history">Turn 17</h2><div class="spacer battle-history"></div><div class="battle-history"><small><span class="battle-nickname" title="Scizor">Scizor</span>'s Scizorite is reacting to the Key Stone!<br><span class="battle-nickname" title="Scizor">Scizor</span> has Mega Evolved into Mega Scizor!</small></div><div class="spacer battle-history"></div><div class="battle-history"><span class="battle-nickname" title="Scizor-Mega">Scizor</span> used <strong>Bullet Punch</strong>!</div><div class="battle-history"><small>It's not very effective... <br></small><small>The opposing <span class="battle-nickname-foe" title="Volcarona">Volcarona</span> lost 17% of its health!</small><br></div><div class="spacer battle-history"></div><div class="battle-history">The opposing <span class="battle-nickname-foe" title="Volcarona">Volcarona</span> fainted!</div><div class="spacer battle-history"></div><div class="battle-history">illusttrate sent out Magearna!</div><div class="battle-history"><small>Pointed stones dug into the opposing <span class="battle-nickname-foe" title="Magearna">Magearna</span>! </small></div><h2 class="battle-history">Turn 18</h2><div class="spacer battle-history"></div><div class="battle-history"><span class="battle-nickname" title="Scizor-Mega">Scizor</span> used <strong>Bullet Punch</strong>!</div><div class="battle-history"><small>A critical hit! <br></small><small>The opposing <span class="battle-nickname-foe" title="Magearna">Magearna</span> lost 53% of its health!</small><br></div><div class="spacer battle-history"></div><div class="battle-history">The opposing <span class="battle-nickname-foe" title="Magearna">Magearna</span> fainted!</div><div class="spacer battle-history"></div><div class="battle-history">illusttrate sent out <span class="battle-nickname-foe" title="Ninetales-Alola">Ninetales <small>(Ninetales-Alola)</small></span>!</div><div class="battle-history"><small>Pointed stones dug into the opposing <span class="battle-nickname-foe" title="Ninetales-Alola">Ninetales</span>! </small></div><div class="battle-history"><small>[Opposing <span class="battle-nickname-foe" title="Ninetales-Alola">Ninetales</span>'s Snow Warning!]</small></div><div class="battle-history"><small>It started to hail!</small></div><h2 class="battle-history">Turn 19</h2><div class="spacer battle-history"></div><div class="battle-history"><span class="battle-nickname" title="Scizor-Mega">Scizor</span> used <strong>Bullet Punch</strong>!</div><div class="battle-history"><small>It's super effective! <br></small><small>The opposing <span class="battle-nickname-foe" title="Ninetales-Alola">Ninetales</span> lost 76% of its health!</small><br></div><div class="spacer battle-history"></div><div class="battle-history">The opposing <span class="battle-nickname-foe" title="Ninetales-Alola">Ninetales</span> fainted!</div><div class="spacer battle-history"></div><div class="battle-history"><div><small>The hail is crashing down.</small></div></div><div class="battle-history"><small><span class="battle-nickname" title="Scizor-Mega">Scizor</span> is buffeted by the hail! </small></div><div class="spacer battle-history"></div><div class="battle-history">illusttrate sent out <span class="battle-nickname-foe" title="Tyranitar-Mega">Tyranitar <small>(Tyranitar-Mega)</small></span>!</div><div class="battle-history"><small>Pointed stones dug into the opposing <span class="battle-nickname-foe" title="Tyranitar-Mega">Tyranitar</span>! </small></div><div class="battle-history"><small>[Opposing <span class="battle-nickname-foe" title="Tyranitar-Mega">Tyranitar</span>'s Sand Stream!]</small></div><div class="battle-history"><small>A sandstorm kicked up!</small></div><h2 class="battle-history">Turn 20</h2><div class="spacer battle-history"></div><div class="battle-history"><span class="battle-nickname" title="Scizor-Mega">Scizor</span> used <strong>Bullet Punch</strong>!</div><div class="battle-history"><small>It's super effective! <br></small><small>The opposing <span class="battle-nickname-foe" title="Tyranitar-Mega">Tyranitar</span> lost 7% of its health!</small><br></div><div class="spacer battle-history"></div><div class="battle-history">The opposing <span class="battle-nickname-foe" title="Tyranitar-Mega">Tyranitar</span> fainted!</div><div class="spacer battle-history"></div><div class="battle-history">ass grabbin won the battle!</div><div class="chat">Ladder updating...</div><div class="chat">ass grabbin's rating: 1613 → <strong>1638</strong><br>(+25 for winning)</div><div class="chat">illusttrate's rating: 1703 → <strong>1678</strong><br>(-25 for losing)</div><div class="chat"><small>☆illusttrate left.</small></div></div></div>
</div>
<script>
var daily = Math.floor(Date.now()/1000/60/60/24);document.write('<script src="https://play.pokemonshowdown.com/js/replay-embed.js?version'+daily+'"></'+'script>');
</script>
