<!DOCTYPE html>
<meta charset="utf-8" />
<!-- version 1 -->
<title>[Gen 7] OU replay: buzzwole buffdude vs. ass grabbin</title>
<style>
html,body {font-family:Verdana, sans-serif;font-size:10pt;margin:0;padding:0;}body{padding:12px 0;} .battle-log {font-family:Verdana, sans-serif;font-size:10pt;} .battle-log-inline {border:1px solid #AAAAAA;background:#EEF2F5;color:black;max-width:640px;margin:0 auto 80px;padding-bottom:5px;} .battle-log .inner {padding:4px 8px 0px 8px;} .battle-log .inner-preempt {padding:0 8px 4px 8px;} .battle-log .inner-after {margin-top:0.5em;} .battle-log h2 {margin:0.5em -8px;padding:4px 8px;border:1px solid #AAAAAA;background:#E0E7EA;border-left:0;border-right:0;font-family:Verdana, sans-serif;font-size:13pt;} .battle-log .chat {vertical-align:middle;padding:3px 0 3px 0;font-size:8pt;} .battle-log .chat strong {color:#40576A;} .battle-log .chat em {padding:1px 4px 1px 3px;color:#000000;font-style:normal;} .chat.mine {background:rgba(0,0,0,0.05);margin-left:-8px;margin-right:-8px;padding-left:8px;padding-right:8px;} .spoiler {color:#BBBBBB;background:#BBBBBB;padding:0px 3px;} .spoiler:hover, .spoiler:active, .spoiler-shown {color:#000000;background:#E2E2E2;padding:0px 3px;} .spoiler a {color:#BBBBBB;} .spoiler:hover a, .spoiler:active a, .spoiler-shown a {color:#2288CC;} .chat code, .chat .spoiler:hover code, .chat .spoiler:active code, .chat .spoiler-shown code {border:1px solid #C0C0C0;background:#EEEEEE;color:black;padding:0 2px;} .chat .spoiler code {border:1px solid #CCCCCC;background:#CCCCCC;color:#CCCCCC;} .battle-log .rated {padding:3px 4px;} .battle-log .rated strong {color:white;background:#89A;padding:1px 4px;border-radius:4px;} .spacer {margin-top:0.5em;} .message-announce {background:#6688AA;color:white;padding:1px 4px 2px;} .message-announce a, .broadcast-green a, .broadcast-blue a, .broadcast-red a {color:#DDEEFF;} .broadcast-green {background-color:#559955;color:white;padding:2px 4px;} .broadcast-blue {background-color:#6688AA;color:white;padding:2px 4px;} .infobox {border:1px solid #6688AA;padding:2px 4px;} .infobox-limited {max-height:200px;overflow:auto;overflow-x:hidden;} .broadcast-red {background-color:#AA5544;color:white;padding:2px 4px;} .message-learn-canlearn {font-weight:bold;color:#228822;text-decoration:underline;} .message-learn-cannotlearn {font-weight:bold;color:#CC2222;text-decoration:underline;} .message-effect-weak {font-weight:bold;color:#CC2222;} .message-effect-resist {font-weight:bold;color:#6688AA;} .message-effect-immune {font-weight:bold;color:#666666;} .message-learn-list {margin-top:0;margin-bottom:0;} .message-throttle-notice, .message-error {color:#992222;} .message-overflow, .chat small.message-overflow {font-size:0pt;} .message-overflow::before {font-size:9pt;content:'...';} .subtle {color:#3A4A66;}
</style>
<div class="wrapper replay-wrapper" style="max-width:1180px;margin:0 auto">
<input type="hidden" name="replayid" value="gen7ou-752028757" />
<div class="battle"></div><div class="battle-log"></div><div class="replay-controls"></div><div class="replay-controls-2"></div>
<h1 style="font-weight:normal;text-align:center"><strong>[Gen 7] OU</strong><br /><a href="http://pokemonshowdown.com/users/buzzwolebuffdude" class="subtle" target="_blank">buzzwole buffdude</a> vs. <a href="http://pokemonshowdown.com/users/assgrabbin" class="subtle" target="_blank">ass grabbin</a></h1>
<script type="text/plain" class="battle-log-data">|j|☆buzzwole buffdude
|j|☆ass grabbin


|player|p1|buzzwole buffdude|265



|player|p2|ass grabbin|70
|teamsize|p1|6
|teamsize|p2|6
|gametype|singles
|gen|7
|tier|[Gen 7] OU
|rated|
|seed|
|rule|Sleep Clause Mod: Limit one foe put to sleep
|rule|Species Clause: Limit one of each Pokémon
|rule|OHKO Clause: OHKO moves are banned
|rule|Moody Clause: Moody is banned
|rule|Evasion Moves Clause: Evasion moves are banned
|rule|Endless Battle Clause: Forcing endless battles is banned
|rule|HP Percentage Mod: HP is shown in percentages
|clearpoke
|poke|p1|Magearna|item
|poke|p1|Ninetales-Alola, F|item
|poke|p1|Gengar, M|item
|poke|p1|Zygarde|item
|poke|p1|Landorus-Therian, M|item
|poke|p1|Alakazam, M|item
|poke|p2|Clefable, M|item
|poke|p2|Mawile, M|item
|poke|p2|Heatran, M|item
|poke|p2|Gastrodon-East, M|item
|poke|p2|Tornadus-Therian, M|item
|poke|p2|Landorus-Therian, M|item
|teampreview



|j| ViperSniper96



|
|start
|switch|p1a: Landorus|Landorus-Therian, M|100\/100
|switch|p2a: Mawile|Mawile, M|269\/269
|-ability|p1a: Landorus|Intimidate|boost
|-unboost|p2a: Mawile|atk|1
|-ability|p2a: Mawile|Intimidate|boost
|-unboost|p1a: Landorus|atk|1
|turn|1


|inactive|Time left: 150 sec this turn | 220 sec total


|inactive|Battle timer is ON: inactive players will automatically lose when time's up. (requested by ass grabbin)



|inactive|buzzwole buffdude has 135 seconds left.



|inactive|buzzwole buffdude has 120 seconds left.



|
|detailschange|p2a: Mawile|Mawile-Mega, M
|-mega|p2a: Mawile|Mawile|Mawilite
|move|p1a: Landorus|Stealth Rock|p2a: Mawile
|-sidestart|p2: ass grabbin|move: Stealth Rock
|move|p2a: Mawile|Ice Punch|p1a: Landorus
|-supereffective|p1a: Landorus
|-enditem|p1a: Landorus|Focus Sash
|-damage|p1a: Landorus|1\/100
|
|upkeep
|turn|2


|inactive|Time left: 150 sec this turn | 230 sec total


|
|switch|p1a: Magearna|Magearna|100\/100
|switch|p2a: Tornadus|Tornadus-Therian, M|347\/347
|-damage|p2a: Tornadus|261\/347|[from] Stealth Rock
|
|upkeep
|turn|3


|inactive|Time left: 150 sec this turn | 235 sec total


|
|move|p2a: Tornadus|Knock Off|p1a: Magearna
|-resisted|p1a: Magearna
|-damage|p1a: Magearna|94\/100
|move|p1a: Magearna|Thunderbolt|p2a: Tornadus
|-supereffective|p2a: Tornadus
|-damage|p2a: Tornadus|23\/347
|
|upkeep
|turn|4


|inactive|Time left: 150 sec this turn | 240 sec total


|
|move|p2a: Tornadus|U-turn|p1a: Magearna
|-resisted|p1a: Magearna
|-damage|p1a: Magearna|91\/100


|inactive|Time left: 150 sec this turn | 245 sec total


|
|switch|p2a: Gastrodon|Gastrodon-East, M|426\/426
|-damage|p2a: Gastrodon|400\/426|[from] Stealth Rock
|move|p1a: Magearna|Thunderbolt|p2a: Gastrodon
|-immune|p2a: Gastrodon|[msg]
|
|-heal|p2a: Gastrodon|426\/426|[from] item: Leftovers
|upkeep
|turn|5


|inactive|Time left: 150 sec this turn | 255 sec total


|
|switch|p1a: Alakazam|Alakazam, M|100\/100
|move|p2a: Gastrodon|Scald|p1a: Alakazam
|-damage|p1a: Alakazam|66\/100
|-status|p1a: Alakazam|brn
|
|upkeep
|turn|6


|inactive|Time left: 150 sec this turn | 265 sec total


|
|switch|p2a: Heatran|Heatran, M|323\/323
|-damage|p2a: Heatran|283\/323|[from] Stealth Rock
|move|p1a: Alakazam|Energy Ball|p2a: Heatran
|-resisted|p2a: Heatran
|-damage|p2a: Heatran|257\/323
|
|upkeep
|turn|7


|inactive|Time left: 150 sec this turn | 270 sec total


|
|switch|p2a: Landorus|Landorus-Therian, M|343\/343
|-damage|p2a: Landorus|301\/343|[from] Stealth Rock
|-ability|p2a: Landorus|Intimidate|boost
|-unboost|p1a: Alakazam|atk|1
|detailschange|p1a: Alakazam|Alakazam-Mega, M
|-mega|p1a: Alakazam|Alakazam|Alakazite
|-ability|p1a: Alakazam|Intimidate|[from] ability: Trace|[of] p2a: Landorus
|-ability|p1a: Alakazam|Intimidate|boost
|-unboost|p2a: Landorus|atk|1
|move|p1a: Alakazam|Focus Blast|p2a: Landorus
|-resisted|p2a: Landorus
|-damage|p2a: Landorus|191\/343
|
|-damage|p1a: Alakazam|60\/100 brn|[from] brn
|upkeep
|turn|8


|inactive|Time left: 150 sec this turn | 275 sec total


|
|move|p2a: Landorus|U-turn|p1a: Alakazam
|-supereffective|p1a: Alakazam
|-damage|p1a: Alakazam|0 fnt
|faint|p1a: Alakazam


|inactive|Time left: 150 sec this turn | 285 sec total


|
|switch|p2a: Tornadus|Tornadus-Therian, M|138\/347
|-damage|p2a: Tornadus|52\/347|[from] Stealth Rock
|
|upkeep


|inactive|Time left: 150 sec this turn | 295 sec total


|
|switch|p1a: Magearna|Magearna|91\/100
|turn|9


|inactive|Time left: 150 sec this turn | 305 sec total


|
|move|p2a: Tornadus|U-turn|p1a: Magearna
|-resisted|p1a: Magearna
|-damage|p1a: Magearna|87\/100


|inactive|Time left: 150 sec this turn | 315 sec total


|
|switch|p2a: Gastrodon|Gastrodon-East, M|426\/426
|-damage|p2a: Gastrodon|400\/426|[from] Stealth Rock
|move|p1a: Magearna|Thunderbolt|p2a: Gastrodon
|-immune|p2a: Gastrodon|[msg]
|
|-heal|p2a: Gastrodon|426\/426|[from] item: Leftovers
|upkeep
|turn|10


|inactive|Time left: 150 sec this turn | 325 sec total


|j| charizard1313



|
|switch|p1a: Ninetales|Ninetales-Alola, F|100\/100
|-weather|Hail|[from] ability: Snow Warning|[of] p1a: Ninetales
|move|p2a: Gastrodon|Scald|p1a: Ninetales
|-damage|p1a: Ninetales|75\/100
|
|-weather|Hail|[upkeep]
|-damage|p2a: Gastrodon|400\/426|[from] Hail
|-heal|p2a: Gastrodon|426\/426|[from] item: Leftovers
|upkeep
|turn|11


|inactive|Time left: 150 sec this turn | 335 sec total


|
|move|p1a: Ninetales|Aurora Veil|p1a: Ninetales
|-sidestart|p1: buzzwole buffdude|move: Aurora Veil
|move|p2a: Gastrodon|Toxic|p1a: Ninetales
|-status|p1a: Ninetales|tox
|
|-weather|Hail|[upkeep]
|-damage|p2a: Gastrodon|400\/426|[from] Hail
|-heal|p2a: Gastrodon|426\/426|[from] item: Leftovers
|-damage|p1a: Ninetales|69\/100 tox|[from] psn
|upkeep
|turn|12


|inactive|Time left: 150 sec this turn | 345 sec total


|
|switch|p2a: Heatran|Heatran, M|257\/323
|-damage|p2a: Heatran|217\/323|[from] Stealth Rock
|move|p1a: Ninetales|Hypnosis|p2a: Heatran|[miss]
|-miss|p1a: Ninetales|p2a: Heatran
|
|-weather|Hail|[upkeep]
|-damage|p2a: Heatran|197\/323|[from] Hail
|-damage|p1a: Ninetales|57\/100 tox|[from] psn
|upkeep
|turn|13


|inactive|Time left: 150 sec this turn | 355 sec total


|
|switch|p1a: Landorus|Landorus-Therian, M|1\/100
|-ability|p1a: Landorus|Intimidate|boost
|-unboost|p2a: Heatran|atk|1
|move|p2a: Heatran|Magma Storm|p1a: Landorus
|-damage|p1a: Landorus|0 fnt
|faint|p1a: Landorus
|
|-weather|Hail|[upkeep]
|-damage|p2a: Heatran|177\/323|[from] Hail
|upkeep


|inactive|Time left: 150 sec this turn | 360 sec total


|
|switch|p1a: Zygarde|Zygarde|100\/100
|-ability|p1a: Zygarde|Aura Break
|turn|14


|inactive|Time left: 150 sec this turn | 370 sec total


|
|switch|p2a: Clefable|Clefable, M|394\/394
|move|p1a: Zygarde|Substitute|p1a: Zygarde
|-start|p1a: Zygarde|Substitute
|-damage|p1a: Zygarde|75\/100
|
|-weather|none
|upkeep
|turn|15


|inactive|Time left: 150 sec this turn | 375 sec total


|
|move|p1a: Zygarde|Dragon Dance|p1a: Zygarde
|-boost|p1a: Zygarde|atk|1
|-boost|p1a: Zygarde|spe|1
|move|p2a: Clefable|Moonblast|p1a: Zygarde
|-supereffective|p1a: Zygarde
|-activate|p1a: Zygarde|move: Substitute|[damage]
|
|upkeep
|turn|16


|inactive|Time left: 150 sec this turn | 385 sec total


|
|move|p1a: Zygarde|Dragon Dance|p1a: Zygarde
|-boost|p1a: Zygarde|atk|1
|-boost|p1a: Zygarde|spe|1
|move|p2a: Clefable|Moonblast|p1a: Zygarde
|-supereffective|p1a: Zygarde
|-end|p1a: Zygarde|Substitute
|
|upkeep
|turn|17


|inactive|Time left: 150 sec this turn | 395 sec total


|
|move|p1a: Zygarde|Coil|p1a: Zygarde
|-boost|p1a: Zygarde|atk|1
|-boost|p1a: Zygarde|def|1
|-boost|p1a: Zygarde|accuracy|1
|move|p2a: Clefable|Moonblast|p1a: Zygarde
|-supereffective|p1a: Zygarde
|-damage|p1a: Zygarde|49\/100
|-unboost|p1a: Zygarde|spa|1
|
|upkeep
|turn|18


|inactive|Time left: 150 sec this turn | 405 sec total


|
|move|p1a: Zygarde|Substitute|p1a: Zygarde
|-start|p1a: Zygarde|Substitute
|-damage|p1a: Zygarde|24\/100
|-enditem|p1a: Zygarde|Iapapa Berry|[eat]
|-heal|p1a: Zygarde|74\/100|[from] item: Iapapa Berry
|move|p2a: Clefable|Moonblast|p1a: Zygarde
|-supereffective|p1a: Zygarde
|-end|p1a: Zygarde|Substitute
|
|-sideend|p1: buzzwole buffdude|move: Aurora Veil
|upkeep
|turn|19


|inactive|Time left: 150 sec this turn | 410 sec total


|
|move|p1a: Zygarde|Thousand Arrows|p2a: Clefable
|-damage|p2a: Clefable|133\/394
|move|p2a: Clefable|Moonblast|p1a: Zygarde
|-supereffective|p1a: Zygarde
|-damage|p1a: Zygarde|16\/100
|
|-heal|p2a: Clefable|157\/394|[from] item: Leftovers
|upkeep
|turn|20


|inactive|Time left: 150 sec this turn | 420 sec total


|c|☆ass grabbin|zygarde is ass



|
|move|p1a: Zygarde|Thousand Arrows|p2a: Clefable
|-damage|p2a: Clefable|0 fnt
|faint|p2a: Clefable
|
|upkeep


|inactive|Time left: 150 sec this turn | 420 sec total


|
|switch|p2a: Landorus|Landorus-Therian, M|191\/343
|-damage|p2a: Landorus|149\/343|[from] Stealth Rock
|-ability|p2a: Landorus|Intimidate|boost
|-unboost|p1a: Zygarde|atk|1
|turn|21


|inactive|Time left: 150 sec this turn | 430 sec total


|
|move|p1a: Zygarde|Thousand Arrows|p2a: Landorus
|-damage|p2a: Landorus|0 fnt
|faint|p2a: Landorus
|
|upkeep


|inactive|Time left: 150 sec this turn | 435 sec total


|l| charizard1313



|
|switch|p2a: Mawile|Mawile-Mega, M|269\/269
|-damage|p2a: Mawile|253\/269|[from] Stealth Rock
|turn|22


|inactive|Time left: 150 sec this turn | 440 sec total


|
|move|p1a: Zygarde|Coil|p1a: Zygarde
|-boost|p1a: Zygarde|atk|1
|-boost|p1a: Zygarde|def|1
|-boost|p1a: Zygarde|accuracy|1
|move|p2a: Mawile|Iron Head|p1a: Zygarde
|-damage|p1a: Zygarde|0 fnt
|faint|p1a: Zygarde
|
|upkeep


|inactive|Time left: 150 sec this turn | 450 sec total


|
|switch|p1a: Magearna|Magearna|87\/100
|turn|23


|inactive|Time left: 150 sec this turn | 460 sec total


|
|move|p1a: Magearna|Fleur Cannon|p2a: Mawile
|-resisted|p2a: Mawile
|-damage|p2a: Mawile|129\/269
|-unboost|p1a: Magearna|spa|2
|move|p2a: Mawile|Iron Head|p1a: Magearna
|-crit|p1a: Magearna
|-damage|p1a: Magearna|0 fnt
|faint|p1a: Magearna
|
|upkeep


|inactive|Time left: 150 sec this turn | 470 sec total


|-message|buzzwole buffdude forfeited.



|
|win|ass grabbin


|inactive|Time left: 150 sec this turn | 480 sec total

||Ladder updating...


|l|☆buzzwole buffdude



|raw|buzzwole buffdude's rating: 1974 &rarr; <strong>1942<\/strong><br \/>(-32 for losing)
|raw|ass grabbin's rating: 1720 &rarr; <strong>1752<\/strong><br \/>(+32 for winning)



|l| ViperSniper96

</script>
</div>
<div class="battle-log battle-log-inline"><div class="inner"><div class="chat"><small>☆buzzwole buffdude joined.</small></div><div class="chat"><small>☆ass grabbin joined.</small></div><div style="padding:5px 0"><small>Format:</small> <br><strong>[Gen 7] OU</strong></div><div class="rated"><strong>Rated battle</strong></div><div><small><em>Sleep Clause Mod:</em> Limit one foe put to sleep</small></div><div><small><em>Species Clause:</em> Limit one of each Pokémon</small></div><div><small><em>OHKO Clause:</em> OHKO moves are banned</small></div><div><small><em>Moody Clause:</em> Moody is banned</small></div><div><small><em>Evasion Moves Clause:</em> Evasion moves are banned</small></div><div><small><em>Endless Battle Clause:</em> Forcing endless battles is banned</small></div><div><small><em>HP Percentage Mod:</em> HP is shown in percentages</small></div><div class="chat"><strong>ass grabbin's team:</strong> <em style="color:#445566;display:block;">Clefable / Mawile / Heatran / Gastrodon-East / Tornadus-Therian / Landorus-Therian</em></div><div class="chat"><strong>buzzwole buffdude's team:</strong> <em style="color:#445566;display:block;">Magearna / Ninetales-Alola / Gengar / Zygarde / Landorus-Therian / Alakazam</em></div><div class="chat"><small> ViperSniper96 joined.</small></div><div>Battle between buzzwole buffdude and ass grabbin started!</div><div class="spacer battle-history"></div><div class="battle-history">buzzwole buffdude sent out Landorus-Therian!</div><div class="spacer battle-history"></div><div class="battle-history">Go! Mawile!</div><div class="battle-history"><small>[Opposing <span class="battle-nickname-foe" title="Landorus-Therian">Landorus</span>'s Intimidate!]</small></div><div class="battle-history"><small><span class="battle-nickname" title="Mawile">Mawile</span>'s Attack fell! </small></div><div class="battle-history"><small>[<span class="battle-nickname" title="Mawile">Mawile</span>'s Intimidate!]</small></div><div class="battle-history"><small>The opposing <span class="battle-nickname-foe" title="Landorus-Therian">Landorus</span>'s Attack fell! </small></div><h2 class="battle-history">Turn 1</h2><div class="chat message-error">Battle timer is ON: inactive players will automatically lose when time's up. (requested by ass grabbin)</div><div class="chat message-error">buzzwole buffdude has 135 seconds left.</div><div class="chat message-error">buzzwole buffdude has 120 seconds left.</div><div class="spacer battle-history"></div><div class="battle-history"><small><span class="battle-nickname" title="Mawile-Mega">Mawile</span>'s Mawilite is reacting to the Key Stone!<br><span class="battle-nickname" title="Mawile-Mega">Mawile</span> has Mega Evolved into Mega Mawile!</small></div><div class="spacer battle-history"></div><div class="battle-history">The opposing <span class="battle-nickname-foe" title="Landorus-Therian">Landorus</span> used <strong>Stealth Rock</strong>!</div><div class="battle-history"><small>Pointed stones float in the air around your team!</small></div><div class="spacer battle-history"></div><div class="battle-history"><span class="battle-nickname" title="Mawile-Mega">Mawile</span> used <strong>Ice Punch</strong>!</div><div class="battle-history"><small>It's super effective! <br>The opposing <span class="battle-nickname-foe" title="Landorus-Therian">Landorus</span> hung on using its Focus Sash!</small></div><div class="battle-history"><small>The opposing <span class="battle-nickname-foe" title="Landorus-Therian">Landorus</span> lost 99% of its health!</small><br></div><h2 class="battle-history">Turn 2</h2><div class="spacer battle-history"></div><div class="battle-history">buzzwole buffdude withdrew Landorus-Therian!</div><div class="battle-history">buzzwole buffdude sent out Magearna!</div><div class="spacer battle-history"></div><div class="battle-history"><span class="battle-nickname" title="Mawile-Mega">Mawile</span>, come back!</div><div class="battle-history">Go! <span class="battle-nickname" title="Tornadus-Therian">Tornadus <small>(Tornadus-Therian)</small></span>!</div><div class="battle-history"><small>Pointed stones dug into <span class="battle-nickname" title="Tornadus-Therian">Tornadus</span>! </small></div><h2 class="battle-history">Turn 3</h2><div class="spacer battle-history"></div><div class="battle-history"><span class="battle-nickname" title="Tornadus-Therian">Tornadus</span> used <strong>Knock Off</strong>!</div><div class="battle-history"><small>It's not very effective... <br></small><small>The opposing <span class="battle-nickname-foe" title="Magearna">Magearna</span> lost 6% of its health!</small><br></div><div class="spacer battle-history"></div><div class="battle-history">The opposing <span class="battle-nickname-foe" title="Magearna">Magearna</span> used <strong>Thunderbolt</strong>!</div><div class="battle-history"><small>It's super effective! <br></small><small><span class="battle-nickname" title="Tornadus-Therian">Tornadus</span> lost <abbr title="−238/347">68.6%</abbr> of its health!</small><br></div><h2 class="battle-history">Turn 4</h2><div class="spacer battle-history"></div><div class="battle-history"><span class="battle-nickname" title="Tornadus-Therian">Tornadus</span> used <strong>U-turn</strong>!</div><div class="battle-history"><small>It's not very effective... <br></small><small>The opposing <span class="battle-nickname-foe" title="Magearna">Magearna</span> lost 3% of its health!</small><br></div><div class="spacer battle-history"></div><div class="battle-history"><span class="battle-nickname" title="Tornadus-Therian">Tornadus</span> went back to ass grabbin!</div><div class="battle-history">Go! <span class="battle-nickname" title="Gastrodon-East">Gastrodon <small>(Gastrodon-East)</small></span>!</div><div class="battle-history"><small>Pointed stones dug into <span class="battle-nickname" title="Gastrodon-East">Gastrodon</span>! </small></div><div class="spacer battle-history"></div><div class="battle-history">The opposing <span class="battle-nickname-foe" title="Magearna">Magearna</span> used <strong>Thunderbolt</strong>!</div><div class="battle-history"><small>It doesn't affect <span class="battle-nickname" title="Gastrodon-East">Gastrodon</span>... </small></div><div class="spacer battle-history"></div><div class="battle-history"><small><span class="battle-nickname" title="Gastrodon-East">Gastrodon</span> restored a little HP using its Leftovers!</small></div><h2 class="battle-history">Turn 5</h2><div class="spacer battle-history"></div><div class="battle-history">buzzwole buffdude withdrew Magearna!</div><div class="battle-history">buzzwole buffdude sent out Alakazam!</div><div class="spacer battle-history"></div><div class="battle-history"><span class="battle-nickname" title="Gastrodon-East">Gastrodon</span> used <strong>Scald</strong>!</div><div class="battle-history"><small>The opposing <span class="battle-nickname-foe" title="Alakazam">Alakazam</span> lost 34% of its health!</small><br></div><div class="battle-history"><small>The opposing <span class="battle-nickname-foe" title="Alakazam">Alakazam</span> was burned!</small></div><h2 class="battle-history">Turn 6</h2><div class="spacer battle-history"></div><div class="battle-history"><span class="battle-nickname" title="Gastrodon-East">Gastrodon</span>, come back!</div><div class="battle-history">Go! Heatran!</div><div class="battle-history"><small>Pointed stones dug into <span class="battle-nickname" title="Heatran">Heatran</span>! </small></div><div class="spacer battle-history"></div><div class="battle-history">The opposing <span class="battle-nickname-foe" title="Alakazam">Alakazam</span> used <strong>Energy Ball</strong>!</div><div class="battle-history"><small>It's not very effective... <br></small><small><span class="battle-nickname" title="Heatran">Heatran</span> lost <abbr title="−26/323">8.0%</abbr> of its health!</small><br></div><h2 class="battle-history">Turn 7</h2><div class="spacer battle-history"></div><div class="battle-history"><span class="battle-nickname" title="Heatran">Heatran</span>, come back!</div><div class="battle-history">Go! <span class="battle-nickname" title="Landorus-Therian">Landorus <small>(Landorus-Therian)</small></span>!</div><div class="battle-history"><small>Pointed stones dug into <span class="battle-nickname" title="Landorus-Therian">Landorus</span>! </small></div><div class="battle-history"><small>[<span class="battle-nickname" title="Landorus-Therian">Landorus</span>'s Intimidate!]</small></div><div class="battle-history"><small>The opposing <span class="battle-nickname-foe" title="Alakazam">Alakazam</span>'s Attack fell! </small></div><div class="battle-history"><small>The opposing <span class="battle-nickname-foe" title="Alakazam-Mega">Alakazam</span>'s Alakazite is reacting to the Key Stone!<br>The opposing <span class="battle-nickname-foe" title="Alakazam-Mega">Alakazam</span> has Mega Evolved into Mega Alakazam!</small></div><div class="battle-history"><small>[Opposing <span class="battle-nickname-foe" title="Alakazam-Mega">Alakazam</span>'s Trace!]</small></div><div class="battle-history"><small>[Opposing <span class="battle-nickname-foe" title="Alakazam-Mega">Alakazam</span>'s Intimidate!]</small></div><div class="battle-history"><small>The opposing <span class="battle-nickname-foe" title="Alakazam-Mega">Alakazam</span> traced <span class="battle-nickname" title="Landorus-Therian">Landorus</span>'s Intimidate!<br><span class="battle-nickname" title="Landorus-Therian">Landorus</span>'s Attack fell! </small></div><div class="spacer battle-history"></div><div class="battle-history">The opposing <span class="battle-nickname-foe" title="Alakazam-Mega">Alakazam</span> used <strong>Focus Blast</strong>!</div><div class="battle-history"><small>It's not very effective... <br></small><small><span class="battle-nickname" title="Landorus-Therian">Landorus</span> lost <abbr title="−110/343">32.1%</abbr> of its health!</small><br></div><div class="spacer battle-history"></div><div class="battle-history"><small>The opposing <span class="battle-nickname-foe" title="Alakazam-Mega">Alakazam</span> was hurt by its burn! </small></div><h2 class="battle-history">Turn 8</h2><div class="spacer battle-history"></div><div class="battle-history"><span class="battle-nickname" title="Landorus-Therian">Landorus</span> used <strong>U-turn</strong>!</div><div class="battle-history"><small>It's super effective! <br></small><small>The opposing <span class="battle-nickname-foe" title="Alakazam-Mega">Alakazam</span> lost 60% of its health!</small><br></div><div class="spacer battle-history"></div><div class="battle-history">The opposing <span class="battle-nickname-foe" title="Alakazam-Mega">Alakazam</span> fainted!</div><div class="spacer battle-history"></div><div class="battle-history"><span class="battle-nickname" title="Landorus-Therian">Landorus</span> went back to ass grabbin!</div><div class="battle-history">Go! <span class="battle-nickname" title="Tornadus-Therian">Tornadus <small>(Tornadus-Therian)</small></span>!</div><div class="battle-history"><small>Pointed stones dug into <span class="battle-nickname" title="Tornadus-Therian">Tornadus</span>! </small></div><div class="spacer battle-history"></div><div class="battle-history">buzzwole buffdude sent out Magearna!</div><h2 class="battle-history">Turn 9</h2><div class="spacer battle-history"></div><div class="battle-history"><span class="battle-nickname" title="Tornadus-Therian">Tornadus</span> used <strong>U-turn</strong>!</div><div class="battle-history"><small>It's not very effective... <br></small><small>The opposing <span class="battle-nickname-foe" title="Magearna">Magearna</span> lost 4% of its health!</small><br></div><div class="spacer battle-history"></div><div class="battle-history"><span class="battle-nickname" title="Tornadus-Therian">Tornadus</span> went back to ass grabbin!</div><div class="battle-history">Go! <span class="battle-nickname" title="Gastrodon-East">Gastrodon <small>(Gastrodon-East)</small></span>!</div><div class="battle-history"><small>Pointed stones dug into <span class="battle-nickname" title="Gastrodon-East">Gastrodon</span>! </small></div><div class="spacer battle-history"></div><div class="battle-history">The opposing <span class="battle-nickname-foe" title="Magearna">Magearna</span> used <strong>Thunderbolt</strong>!</div><div class="battle-history"><small>It doesn't affect <span class="battle-nickname" title="Gastrodon-East">Gastrodon</span>... </small></div><div class="spacer battle-history"></div><div class="battle-history"><small><span class="battle-nickname" title="Gastrodon-East">Gastrodon</span> restored a little HP using its Leftovers!</small></div><h2 class="battle-history">Turn 10</h2><div class="chat"><small> charizard1313 joined.</small></div><div class="spacer battle-history"></div><div class="battle-history">buzzwole buffdude withdrew Magearna!</div><div class="battle-history">buzzwole buffdude sent out Ninetales-Alola!</div><div class="battle-history"><small>[Opposing <span class="battle-nickname-foe" title="Ninetales-Alola">Ninetales</span>'s Snow Warning!]</small></div><div class="battle-history"><small>It started to hail!</small></div><div class="spacer battle-history"></div><div class="battle-history"><span class="battle-nickname" title="Gastrodon-East">Gastrodon</span> used <strong>Scald</strong>!</div><div class="battle-history"><small>The opposing <span class="battle-nickname-foe" title="Ninetales-Alola">Ninetales</span> lost 25% of its health!</small><br></div><div class="spacer battle-history"></div><div class="battle-history"><div><small>The hail is crashing down.</small></div></div><div class="battle-history"><small><span class="battle-nickname" title="Gastrodon-East">Gastrodon</span> is buffeted by the hail! </small></div><div class="battle-history"><small><span class="battle-nickname" title="Gastrodon-East">Gastrodon</span> restored a little HP using its Leftovers!</small></div><h2 class="battle-history">Turn 11</h2><div class="spacer battle-history"></div><div class="battle-history">The opposing <span class="battle-nickname-foe" title="Ninetales-Alola">Ninetales</span> used <strong>Aurora Veil</strong>!</div><div class="battle-history"><small>Aurora Veil made the opposing team stronger against physical and special moves!</small></div><div class="spacer battle-history"></div><div class="battle-history"><span class="battle-nickname" title="Gastrodon-East">Gastrodon</span> used <strong>Toxic</strong>!</div><div class="battle-history"><small>The opposing <span class="battle-nickname-foe" title="Ninetales-Alola">Ninetales</span> was badly poisoned!</small></div><div class="spacer battle-history"></div><div class="battle-history"><div><small>The hail is crashing down.</small></div></div><div class="battle-history"><small><span class="battle-nickname" title="Gastrodon-East">Gastrodon</span> is buffeted by the hail! </small></div><div class="battle-history"><small><span class="battle-nickname" title="Gastrodon-East">Gastrodon</span> restored a little HP using its Leftovers!</small></div><div class="battle-history"><small>The opposing <span class="battle-nickname-foe" title="Ninetales-Alola">Ninetales</span> was hurt by poison! </small></div><h2 class="battle-history">Turn 12</h2><div class="spacer battle-history"></div><div class="battle-history"><span class="battle-nickname" title="Gastrodon-East">Gastrodon</span>, come back!</div><div class="battle-history">Go! Heatran!</div><div class="battle-history"><small>Pointed stones dug into <span class="battle-nickname" title="Heatran">Heatran</span>! </small></div><div class="spacer battle-history"></div><div class="battle-history">The opposing <span class="battle-nickname-foe" title="Ninetales-Alola">Ninetales</span> used <strong>Hypnosis</strong>!</div><div class="battle-history"><small><span class="battle-nickname" title="Heatran">Heatran</span> avoided the attack!</small></div><div class="spacer battle-history"></div><div class="battle-history"><div><small>The hail is crashing down.</small></div></div><div class="battle-history"><small><span class="battle-nickname" title="Heatran">Heatran</span> is buffeted by the hail! </small></div><div class="battle-history"><small>The opposing <span class="battle-nickname-foe" title="Ninetales-Alola">Ninetales</span> was hurt by poison! </small></div><h2 class="battle-history">Turn 13</h2><div class="spacer battle-history"></div><div class="battle-history">buzzwole buffdude withdrew Ninetales-Alola!</div><div class="battle-history">buzzwole buffdude sent out Landorus-Therian!</div><div class="battle-history"><small>[Opposing <span class="battle-nickname-foe" title="Landorus-Therian">Landorus</span>'s Intimidate!]</small></div><div class="battle-history"><small><span class="battle-nickname" title="Heatran">Heatran</span>'s Attack fell! </small></div><div class="spacer battle-history"></div><div class="battle-history"><span class="battle-nickname" title="Heatran">Heatran</span> used <strong>Magma Storm</strong>!</div><div class="battle-history"><small>The opposing <span class="battle-nickname-foe" title="Landorus-Therian">Landorus</span> lost 1% of its health!</small><br></div><div class="spacer battle-history"></div><div class="battle-history">The opposing <span class="battle-nickname-foe" title="Landorus-Therian">Landorus</span> fainted!</div><div class="spacer battle-history"></div><div class="battle-history"><div><small>The hail is crashing down.</small></div></div><div class="battle-history"><small><span class="battle-nickname" title="Heatran">Heatran</span> is buffeted by the hail! </small></div><div class="spacer battle-history"></div><div class="battle-history">buzzwole buffdude sent out Zygarde!</div><div class="battle-history"><small>[Opposing <span class="battle-nickname-foe" title="Zygarde">Zygarde</span>'s Aura Break!]</small></div><div class="battle-history"><small>The opposing <span class="battle-nickname-foe" title="Zygarde">Zygarde</span> reversed all other Pokémon's auras!</small></div><h2 class="battle-history">Turn 14</h2><div class="spacer battle-history"></div><div class="battle-history"><span class="battle-nickname" title="Heatran">Heatran</span>, come back!</div><div class="battle-history">Go! Clefable!</div><div class="spacer battle-history"></div><div class="battle-history">The opposing <span class="battle-nickname-foe" title="Zygarde">Zygarde</span> used <strong>Substitute</strong>!</div><div class="battle-history"><small>The opposing <span class="battle-nickname-foe" title="Zygarde">Zygarde</span> put in a substitute!</small></div><div class="battle-history"><small>The opposing <span class="battle-nickname-foe" title="Zygarde">Zygarde</span> lost 25% of its health!</small><br></div><div class="spacer battle-history"></div><div class="battle-history"><small>The hail stopped.</small></div><h2 class="battle-history">Turn 15</h2><div class="spacer battle-history"></div><div class="battle-history">The opposing <span class="battle-nickname-foe" title="Zygarde">Zygarde</span> used <strong>Dragon Dance</strong>!</div><div class="battle-history"><small>The opposing <span class="battle-nickname-foe" title="Zygarde">Zygarde</span>'s Attack rose! <br>The opposing <span class="battle-nickname-foe" title="Zygarde">Zygarde</span>'s Speed rose! </small></div><div class="spacer battle-history"></div><div class="battle-history"><span class="battle-nickname" title="Clefable">Clefable</span> used <strong>Moonblast</strong>!</div><div class="battle-history"><small>It's super effective! <br>The substitute took damage for the opposing <span class="battle-nickname-foe" title="Zygarde">Zygarde</span>!</small></div><h2 class="battle-history">Turn 16</h2><div class="spacer battle-history"></div><div class="battle-history">The opposing <span class="battle-nickname-foe" title="Zygarde">Zygarde</span> used <strong>Dragon Dance</strong>!</div><div class="battle-history"><small>The opposing <span class="battle-nickname-foe" title="Zygarde">Zygarde</span>'s Attack rose! <br>The opposing <span class="battle-nickname-foe" title="Zygarde">Zygarde</span>'s Speed rose! </small></div><div class="spacer battle-history"></div><div class="battle-history"><span class="battle-nickname" title="Clefable">Clefable</span> used <strong>Moonblast</strong>!</div><div class="battle-history"><small>It's super effective! <br>The opposing <span class="battle-nickname-foe" title="Zygarde">Zygarde</span>'s substitute faded!</small></div><h2 class="battle-history">Turn 17</h2><div class="spacer battle-history"></div><div class="battle-history">The opposing <span class="battle-nickname-foe" title="Zygarde">Zygarde</span> used <strong>Coil</strong>!</div><div class="battle-history"><small>The opposing <span class="battle-nickname-foe" title="Zygarde">Zygarde</span>'s Attack rose! <br>The opposing <span class="battle-nickname-foe" title="Zygarde">Zygarde</span>'s Defense rose! <br>The opposing <span class="battle-nickname-foe" title="Zygarde">Zygarde</span>'s accuracy rose! </small></div><div class="spacer battle-history"></div><div class="battle-history"><span class="battle-nickname" title="Clefable">Clefable</span> used <strong>Moonblast</strong>!</div><div class="battle-history"><small>It's super effective! <br></small><small>The opposing <span class="battle-nickname-foe" title="Zygarde">Zygarde</span> lost 26% of its health!</small><br></div><div class="battle-history"><small>The opposing <span class="battle-nickname-foe" title="Zygarde">Zygarde</span>'s Special Attack fell! </small></div><h2 class="battle-history">Turn 18</h2><div class="spacer battle-history"></div><div class="battle-history">The opposing <span class="battle-nickname-foe" title="Zygarde">Zygarde</span> used <strong>Substitute</strong>!</div><div class="battle-history"><small>The opposing <span class="battle-nickname-foe" title="Zygarde">Zygarde</span> put in a substitute!</small></div><div class="battle-history"><small>The opposing <span class="battle-nickname-foe" title="Zygarde">Zygarde</span> lost 25% of its health!</small><br></div><div class="battle-history"><small>The opposing <span class="battle-nickname-foe" title="Zygarde">Zygarde</span> ate its Iapapa Berry!</small></div><div class="battle-history"><small>The opposing <span class="battle-nickname-foe" title="Zygarde">Zygarde</span> restored HP using its Iapapa Berry!</small></div><div class="spacer battle-history"></div><div class="battle-history"><span class="battle-nickname" title="Clefable">Clefable</span> used <strong>Moonblast</strong>!</div><div class="battle-history"><small>It's super effective! <br>The opposing <span class="battle-nickname-foe" title="Zygarde">Zygarde</span>'s substitute faded!</small></div><div class="spacer battle-history"></div><div class="battle-history"><small>The opposing team's Aurora Veil wore off!</small></div><h2 class="battle-history">Turn 19</h2><div class="spacer battle-history"></div><div class="battle-history">The opposing <span class="battle-nickname-foe" title="Zygarde">Zygarde</span> used <strong>Thousand Arrows</strong>!</div><div class="battle-history"><small><span class="battle-nickname" title="Clefable">Clefable</span> lost <abbr title="−261/394">66.2%</abbr> of its health!</small><br></div><div class="spacer battle-history"></div><div class="battle-history"><span class="battle-nickname" title="Clefable">Clefable</span> used <strong>Moonblast</strong>!</div><div class="battle-history"><small>It's super effective! <br></small><small>The opposing <span class="battle-nickname-foe" title="Zygarde">Zygarde</span> lost 58% of its health!</small><br></div><div class="spacer battle-history"></div><div class="battle-history"><small><span class="battle-nickname" title="Clefable">Clefable</span> restored a little HP using its Leftovers!</small></div><h2 class="battle-history">Turn 20</h2><div class="chat chatmessage-assgrabbin mine"><strong style="color:hsl(288,53%,50.76834925547986%);"><small>☆</small><span class="username" data-name="ass grabbin">ass grabbin</span>:</strong> <em>zygarde is ass</em></div><div class="spacer battle-history"></div><div class="battle-history">The opposing <span class="battle-nickname-foe" title="Zygarde">Zygarde</span> used <strong>Thousand Arrows</strong>!</div><div class="battle-history"><small><span class="battle-nickname" title="Clefable">Clefable</span> lost <abbr title="−157/394">39.8%</abbr> of its health!</small><br></div><div class="spacer battle-history"></div><div class="battle-history"><span class="battle-nickname" title="Clefable">Clefable</span> fainted!</div><div class="spacer battle-history"></div><div class="battle-history">Go! <span class="battle-nickname" title="Landorus-Therian">Landorus <small>(Landorus-Therian)</small></span>!</div><div class="battle-history"><small>Pointed stones dug into <span class="battle-nickname" title="Landorus-Therian">Landorus</span>! </small></div><div class="battle-history"><small>[<span class="battle-nickname" title="Landorus-Therian">Landorus</span>'s Intimidate!]</small></div><div class="battle-history"><small>The opposing <span class="battle-nickname-foe" title="Zygarde">Zygarde</span>'s Attack fell! </small></div><h2 class="battle-history">Turn 21</h2><div class="spacer battle-history"></div><div class="battle-history">The opposing <span class="battle-nickname-foe" title="Zygarde">Zygarde</span> used <strong>Thousand Arrows</strong>!</div><div class="battle-history"><small><span class="battle-nickname" title="Landorus-Therian">Landorus</span> lost <abbr title="−149/343">43.4%</abbr> of its health!</small><br></div><div class="spacer battle-history"></div><div class="battle-history"><span class="battle-nickname" title="Landorus-Therian">Landorus</span> fainted!</div><div class="chat"><small> charizard1313 left.</small></div><div class="spacer battle-history"></div><div class="battle-history">Go! <span class="battle-nickname" title="Mawile-Mega">Mawile <small>(Mawile-Mega)</small></span>!</div><div class="battle-history"><small>Pointed stones dug into <span class="battle-nickname" title="Mawile-Mega">Mawile</span>! </small></div><h2 class="battle-history">Turn 22</h2><div class="spacer battle-history"></div><div class="battle-history">The opposing <span class="battle-nickname-foe" title="Zygarde">Zygarde</span> used <strong>Coil</strong>!</div><div class="battle-history"><small>The opposing <span class="battle-nickname-foe" title="Zygarde">Zygarde</span>'s Attack rose! <br>The opposing <span class="battle-nickname-foe" title="Zygarde">Zygarde</span>'s Defense rose! <br>The opposing <span class="battle-nickname-foe" title="Zygarde">Zygarde</span>'s accuracy rose! </small></div><div class="spacer battle-history"></div><div class="battle-history"><span class="battle-nickname" title="Mawile-Mega">Mawile</span> used <strong>Iron Head</strong>!</div><div class="battle-history"><small>The opposing <span class="battle-nickname-foe" title="Zygarde">Zygarde</span> lost 16% of its health!</small><br></div><div class="spacer battle-history"></div><div class="battle-history">The opposing <span class="battle-nickname-foe" title="Zygarde">Zygarde</span> fainted!</div><div class="spacer battle-history"></div><div class="battle-history">buzzwole buffdude sent out Magearna!</div><h2 class="battle-history">Turn 23</h2><div class="spacer battle-history"></div><div class="battle-history">The opposing <span class="battle-nickname-foe" title="Magearna">Magearna</span> used <strong>Fleur Cannon</strong>!</div><div class="battle-history"><small>It's not very effective... <br></small><small><span class="battle-nickname" title="Mawile-Mega">Mawile</span> lost <abbr title="−124/269">46.1%</abbr> of its health!</small><br></div><div class="battle-history"><small>The opposing <span class="battle-nickname-foe" title="Magearna">Magearna</span>'s Special Attack fell harshly! </small></div><div class="spacer battle-history"></div><div class="battle-history"><span class="battle-nickname" title="Mawile-Mega">Mawile</span> used <strong>Iron Head</strong>!</div><div class="battle-history"><small>A critical hit! <br></small><small>The opposing <span class="battle-nickname-foe" title="Magearna">Magearna</span> lost 87% of its health!</small><br></div><div class="spacer battle-history"></div><div class="battle-history">The opposing <span class="battle-nickname-foe" title="Magearna">Magearna</span> fainted!</div><div class="spacer battle-history"></div><div class="battle-history"><small>buzzwole buffdude forfeited.</small></div><div class="spacer battle-history"></div><div class="battle-history">ass grabbin won the battle!</div><div class="chat">Ladder updating...</div><div class="chat"><small>☆buzzwole buffdude left.</small></div><div class="chat">buzzwole buffdude's rating: 1974 → <strong>1942</strong><br>(-32 for losing)</div><div class="chat">ass grabbin's rating: 1720 → <strong>1752</strong><br>(+32 for winning)</div><div class="chat"><small> ViperSniper96 left.</small></div></div></div>
</div>
<script>
let daily = Math.floor(Date.now()/1000/60/60/24);document.write('<script src="https://play.pokemonshowdown.com/js/replay-embed.js?version'+daily+'"></'+'script>');
</script>
