<!DOCTYPE html>
<meta charset="utf-8" />
<!-- version 1 -->
<title>[Gen 7] OU replay: ass grabbin vs. tugfatestea</title>
<style>
html,body {font-family:Verdana, sans-serif;font-size:10pt;margin:0;padding:0;}body{padding:12px 0;} .battle-log {font-family:Verdana, sans-serif;font-size:10pt;} .battle-log-inline {border:1px solid #AAAAAA;background:#EEF2F5;color:black;max-width:640px;margin:0 auto 80px;padding-bottom:5px;} .battle-log .inner {padding:4px 8px 0px 8px;} .battle-log .inner-preempt {padding:0 8px 4px 8px;} .battle-log .inner-after {margin-top:0.5em;} .battle-log h2 {margin:0.5em -8px;padding:4px 8px;border:1px solid #AAAAAA;background:#E0E7EA;border-left:0;border-right:0;font-family:Verdana, sans-serif;font-size:13pt;} .battle-log .chat {vertical-align:middle;padding:3px 0 3px 0;font-size:8pt;} .battle-log .chat strong {color:#40576A;} .battle-log .chat em {padding:1px 4px 1px 3px;color:#000000;font-style:normal;} .chat.mine {background:rgba(0,0,0,0.05);margin-left:-8px;margin-right:-8px;padding-left:8px;padding-right:8px;} .spoiler {color:#BBBBBB;background:#BBBBBB;padding:0px 3px;} .spoiler:hover, .spoiler:active, .spoiler-shown {color:#000000;background:#E2E2E2;padding:0px 3px;} .spoiler a {color:#BBBBBB;} .spoiler:hover a, .spoiler:active a, .spoiler-shown a {color:#2288CC;} .chat code, .chat .spoiler:hover code, .chat .spoiler:active code, .chat .spoiler-shown code {border:1px solid #C0C0C0;background:#EEEEEE;color:black;padding:0 2px;} .chat .spoiler code {border:1px solid #CCCCCC;background:#CCCCCC;color:#CCCCCC;} .battle-log .rated {padding:3px 4px;} .battle-log .rated strong {color:white;background:#89A;padding:1px 4px;border-radius:4px;} .spacer {margin-top:0.5em;} .message-announce {background:#6688AA;color:white;padding:1px 4px 2px;} .message-announce a, .broadcast-green a, .broadcast-blue a, .broadcast-red a {color:#DDEEFF;} .broadcast-green {background-color:#559955;color:white;padding:2px 4px;} .broadcast-blue {background-color:#6688AA;color:white;padding:2px 4px;} .infobox {border:1px solid #6688AA;padding:2px 4px;} .infobox-limited {max-height:200px;overflow:auto;overflow-x:hidden;} .broadcast-red {background-color:#AA5544;color:white;padding:2px 4px;} .message-learn-canlearn {font-weight:bold;color:#228822;text-decoration:underline;} .message-learn-cannotlearn {font-weight:bold;color:#CC2222;text-decoration:underline;} .message-effect-weak {font-weight:bold;color:#CC2222;} .message-effect-resist {font-weight:bold;color:#6688AA;} .message-effect-immune {font-weight:bold;color:#666666;} .message-learn-list {margin-top:0;margin-bottom:0;} .message-throttle-notice, .message-error {color:#992222;} .message-overflow, .chat small.message-overflow {font-size:0pt;} .message-overflow::before {font-size:9pt;content:'...';} .subtle {color:#3A4A66;}
</style>
<div class="wrapper replay-wrapper" style="max-width:1180px;margin:0 auto">
<input type="hidden" name="replayid" value="gen7ou-733251100" />
<div class="battle"></div><div class="battle-log"></div><div class="replay-controls"></div><div class="replay-controls-2"></div>
<h1 style="font-weight:normal;text-align:center"><strong>[Gen 7] OU</strong><br /><a href="http://pokemonshowdown.com/users/assgrabbin" class="subtle" target="_blank">ass grabbin</a> vs. <a href="http://pokemonshowdown.com/users/tugfatestea" class="subtle" target="_blank">tugfatestea</a></h1>
<script type="text/plain" class="battle-log-data">|j|☆ass grabbin


|j|☆tugfatestea



|player|p1|ass grabbin|70



|player|p2|tugfatestea|265
|teamsize|p1|6
|teamsize|p2|6
|gametype|singles
|gen|7
|tier|[Gen 7] OU
|rated|
|seed|
|rule|Sleep Clause Mod: Limit one foe put to sleep
|rule|Species Clause: Limit one of each Pokémon
|rule|OHKO Clause: OHKO moves are banned
|rule|Moody Clause: Moody is banned
|rule|Evasion Moves Clause: Evasion moves are banned
|rule|Endless Battle Clause: Forcing endless battles is banned
|rule|HP Percentage Mod: HP is shown in percentages
|clearpoke
|poke|p1|Zapdos|item
|poke|p1|Garchomp, F|item
|poke|p1|Greninja, M|item
|poke|p1|Nihilego|item
|poke|p1|Ferrothorn, M|item
|poke|p1|Scizor, M|item
|poke|p2|Zygarde|item
|poke|p2|Scizor, F|item
|poke|p2|Landorus-Therian, M|item
|poke|p2|Tapu Koko|item
|poke|p2|Toxapex, M|item
|poke|p2|Blacephalon|item
|teampreview


|inactive|Time left: 150 sec this turn | 220 sec total


|inactive|Battle timer is ON: inactive players will automatically lose when time's up. (requested by ass grabbin)



|
|start
|switch|p1a: Whips don't lie|Ferrothorn, M|352\/352
|switch|p2a: Tapu Koko|Tapu Koko|100\/100
|-fieldstart|move: Electric Terrain|[from] ability: Electric Surge|[of] p2a: Tapu Koko
|turn|1


|inactive|Time left: 150 sec this turn | 230 sec total


|
|move|p2a: Tapu Koko|Volt Switch|p1a: Whips don't lie
|-resisted|p1a: Whips don't lie
|-damage|p1a: Whips don't lie|295\/352


|inactive|Time left: 150 sec this turn | 240 sec total


|
|switch|p2a: Scizor|Scizor, F|100\/100
|move|p1a: Whips don't lie|Stealth Rock|p2a: Scizor
|-sidestart|p2: tugfatestea|move: Stealth Rock
|
|-heal|p1a: Whips don't lie|317\/352|[from] item: Leftovers
|upkeep
|turn|2


|inactive|Time left: 150 sec this turn | 250 sec total


|
|-mega|p2a: Scizor|Scizor|Scizorite
|detailschange|p2a: Scizor|Scizor-Mega, F
|move|p2a: Scizor|Defog|p1a: Whips don't lie
|-unboost|p1a: Whips don't lie|evasion|1
|-sideend|p2: tugfatestea|Stealth Rock|[from] move: Defog|[of] p2a: Scizor
|move|p1a: Whips don't lie|Thunder Wave|p2a: Scizor
|-status|p2a: Scizor|par
|
|-heal|p1a: Whips don't lie|339\/352|[from] item: Leftovers
|upkeep
|turn|3


|inactive|Time left: 150 sec this turn | 260 sec total


|
|move|p2a: Scizor|U-turn|p1a: Whips don't lie
|-damage|p1a: Whips don't lie|254\/352
|-damage|p2a: Scizor|88\/100 par|[from] ability: Iron Barbs|[of] p1a: Whips don't lie


|inactive|Time left: 150 sec this turn | 270 sec total


|
|switch|p2a: Zygarde|Zygarde|100\/100
|-ability|p2a: Zygarde|Aura Break
|move|p1a: Whips don't lie|Stealth Rock|p2a: Zygarde
|-sidestart|p2: tugfatestea|move: Stealth Rock
|
|-heal|p1a: Whips don't lie|276\/352|[from] item: Leftovers
|upkeep
|turn|4


|inactive|Time left: 150 sec this turn | 280 sec total


|
|move|p2a: Zygarde|Substitute|p2a: Zygarde
|-start|p2a: Zygarde|Substitute
|-damage|p2a: Zygarde|75\/100
|move|p1a: Whips don't lie|Power Whip|p2a: Zygarde
|-end|p2a: Zygarde|Substitute
|
|-heal|p2a: Zygarde|82\/100|[from] item: Leftovers
|-heal|p1a: Whips don't lie|298\/352|[from] item: Leftovers
|upkeep
|turn|5


|inactive|Time left: 150 sec this turn | 285 sec total


|
|move|p2a: Zygarde|Protect|p2a: Zygarde
|-singleturn|p2a: Zygarde|Protect
|move|p1a: Whips don't lie|Power Whip|p2a: Zygarde
|-activate|p2a: Zygarde|move: Protect
|
|-heal|p2a: Zygarde|88\/100|[from] item: Leftovers
|-heal|p1a: Whips don't lie|320\/352|[from] item: Leftovers
|-fieldend|move: Electric Terrain
|upkeep
|turn|6


|inactive|Time left: 150 sec this turn | 295 sec total


|
|switch|p2a: Scizor|Scizor-Mega, F|88\/100 par
|-damage|p2a: Scizor|76\/100 par|[from] Stealth Rock
|move|p1a: Whips don't lie|Power Whip|p2a: Scizor
|-resisted|p2a: Scizor
|-damage|p2a: Scizor|70\/100 par
|
|-heal|p1a: Whips don't lie|342\/352|[from] item: Leftovers
|upkeep
|turn|7


|inactive|Time left: 150 sec this turn | 305 sec total


|
|switch|p1a: Bodak Yellow|Zapdos|383\/383
|move|p2a: Scizor|Defog|p1a: Bodak Yellow
|-unboost|p1a: Bodak Yellow|evasion|1
|-sideend|p2: tugfatestea|Stealth Rock|[from] move: Defog|[of] p2a: Scizor
|
|upkeep
|turn|8


|inactive|Time left: 150 sec this turn | 310 sec total


|inactive|tugfatestea has 135 seconds left.



|
|switch|p1a: Zygarde sux|Garchomp, F|357\/357
|switch|p2a: Toxapex|Toxapex, M|100\/100
|
|upkeep
|turn|9


|inactive|Time left: 150 sec this turn | 320 sec total


|
|move|p1a: Zygarde sux|Swords Dance|p1a: Zygarde sux
|-boost|p1a: Zygarde sux|atk|2
|move|p2a: Toxapex|Scald|p1a: Zygarde sux
|-damage|p1a: Zygarde sux|287\/357
|
|upkeep
|turn|10


|inactive|Time left: 150 sec this turn | 325 sec total


|
|switch|p2a: Landorus|Landorus-Therian, M|100\/100
|-ability|p2a: Landorus|Intimidate|boost
|-unboost|p1a: Zygarde sux|atk|1
|-zpower|p1a: Zygarde sux
|move|p1a: Zygarde sux|Devastating Drake|p2a: Landorus|[zeffect]
|-crit|p2a: Landorus
|-damage|p2a: Landorus|0 fnt
|faint|p2a: Landorus
|
|upkeep


|inactive|Time left: 150 sec this turn | 330 sec total


|
|switch|p2a: Tapu Koko|Tapu Koko|100\/100
|-fieldstart|move: Electric Terrain|[from] ability: Electric Surge|[of] p2a: Tapu Koko
|turn|11


|inactive|Time left: 150 sec this turn | 340 sec total


|
|switch|p1a: Whips don't lie|Ferrothorn, M|342\/352
|move|p2a: Tapu Koko|Volt Switch|p1a: Whips don't lie
|-resisted|p1a: Whips don't lie
|-damage|p1a: Whips don't lie|283\/352


|inactive|Time left: 150 sec this turn | 350 sec total


|
|switch|p2a: Blacephalon|Blacephalon|100\/100
|
|-heal|p1a: Whips don't lie|305\/352|[from] item: Leftovers
|upkeep
|turn|12


|inactive|Time left: 150 sec this turn | 360 sec total


|
|switch|p1a: Flexicution|Greninja, M|285\/285
|move|p2a: Blacephalon|Psyshock|p1a: Flexicution
|-immune|p1a: Flexicution|[msg]
|
|upkeep
|turn|13


|inactive|Time left: 150 sec this turn | 370 sec total

|error|[Invalid choice] There's nothing to cancel


|
|switch|p2a: Toxapex|Toxapex, M|100\/100
|move|p1a: Flexicution|Spikes|p2a: Toxapex
|-sidestart|p2: tugfatestea|Spikes
|
|upkeep
|turn|14


|inactive|Time left: 150 sec this turn | 375 sec total


|
|switch|p1a: Whips don't lie|Ferrothorn, M|305\/352
|move|p2a: Toxapex|Scald|p1a: Whips don't lie
|-resisted|p1a: Whips don't lie
|-damage|p1a: Whips don't lie|282\/352
|
|-heal|p1a: Whips don't lie|304\/352|[from] item: Leftovers
|upkeep
|turn|15


|inactive|Time left: 150 sec this turn | 385 sec total


|
|switch|p2a: Scizor|Scizor-Mega, F|70\/100 par
|-damage|p2a: Scizor|58\/100 par|[from] Spikes
|move|p1a: Whips don't lie|Stealth Rock|p2a: Scizor
|-sidestart|p2: tugfatestea|move: Stealth Rock
|
|-heal|p1a: Whips don't lie|326\/352|[from] item: Leftovers
|-fieldend|move: Electric Terrain
|upkeep
|turn|16


|inactive|Time left: 150 sec this turn | 395 sec total


|
|switch|p1a: Zygarde sux|Garchomp, F|287\/357
|move|p2a: Scizor|Defog|p1a: Zygarde sux
|-unboost|p1a: Zygarde sux|evasion|1
|-sideend|p2: tugfatestea|Spikes|[from] move: Defog|[of] p2a: Scizor
|-sideend|p2: tugfatestea|Stealth Rock|[from] move: Defog|[of] p2a: Scizor
|
|upkeep
|turn|17


|inactive|Time left: 150 sec this turn | 400 sec total


|
|switch|p2a: Tapu Koko|Tapu Koko|100\/100
|-fieldstart|move: Electric Terrain|[from] ability: Electric Surge|[of] p2a: Tapu Koko
|move|p1a: Zygarde sux|Swords Dance|p1a: Zygarde sux
|-boost|p1a: Zygarde sux|atk|2
|
|upkeep
|turn|18


|inactive|Time left: 150 sec this turn | 410 sec total


|
|switch|p1a: Whips don't lie|Ferrothorn, M|326\/352
|move|p2a: Tapu Koko|Hidden Power|p1a: Whips don't lie
|-damage|p1a: Whips don't lie|284\/352
|
|-heal|p1a: Whips don't lie|306\/352|[from] item: Leftovers
|upkeep
|turn|19


|inactive|Time left: 150 sec this turn | 415 sec total


|
|switch|p2a: Scizor|Scizor-Mega, F|58\/100 par
|move|p1a: Whips don't lie|Stealth Rock|p2a: Scizor
|-sidestart|p2: tugfatestea|move: Stealth Rock
|
|-heal|p1a: Whips don't lie|328\/352|[from] item: Leftovers
|upkeep
|turn|20


|inactive|Time left: 150 sec this turn | 425 sec total


|
|move|p2a: Scizor|Roost|p2a: Scizor
|-heal|p2a: Scizor|100\/100 par
|move|p1a: Whips don't lie|Leech Seed|p2a: Scizor
|-start|p2a: Scizor|move: Leech Seed
|
|-heal|p1a: Whips don't lie|350\/352|[from] item: Leftovers
|-damage|p2a: Scizor|88\/100 par|[from] Leech Seed|[of] p1a: Whips don't lie
|-heal|p1a: Whips don't lie|352\/352|[silent]
|upkeep
|turn|21


|inactive|Time left: 150 sec this turn | 430 sec total


|
|switch|p1a: Zygarde sux|Garchomp, F|287\/357
|cant|p2a: Scizor|par
|
|-damage|p2a: Scizor|76\/100 par|[from] Leech Seed|[of] p1a: Zygarde sux
|-heal|p1a: Zygarde sux|329\/357|[silent]
|-fieldend|move: Electric Terrain
|upkeep
|turn|22


|inactive|Time left: 150 sec this turn | 440 sec total


|
|move|p1a: Zygarde sux|Fire Fang|p2a: Scizor
|-supereffective|p2a: Scizor
|-damage|p2a: Scizor|21\/100 par
|move|p2a: Scizor|U-turn|p1a: Zygarde sux
|-damage|p1a: Zygarde sux|202\/357
|-damage|p2a: Scizor|9\/100 par|[from] ability: Rough Skin|[of] p1a: Zygarde sux


|inactive|Time left: 150 sec this turn | 450 sec total


|
|switch|p2a: Tapu Koko|Tapu Koko|100\/100
|-damage|p2a: Tapu Koko|88\/100|[from] Stealth Rock
|-fieldstart|move: Electric Terrain|[from] ability: Electric Surge|[of] p2a: Tapu Koko
|
|upkeep
|turn|23


|inactive|Time left: 150 sec this turn | 460 sec total


|
|switch|p1a: Whips don't lie|Ferrothorn, M|352\/352
|move|p2a: Tapu Koko|Volt Switch|p1a: Whips don't lie
|-resisted|p1a: Whips don't lie
|-damage|p1a: Whips don't lie|291\/352


|inactive|Time left: 150 sec this turn | 470 sec total


|
|switch|p2a: Scizor|Scizor-Mega, F|9\/100 par
|-damage|p2a: Scizor|0 fnt|[from] Stealth Rock
|faint|p2a: Scizor
|
|-heal|p1a: Whips don't lie|313\/352|[from] item: Leftovers
|upkeep


|inactive|Time left: 150 sec this turn | 480 sec total


|inactive|tugfatestea has 135 seconds left.



|raw|<div class="broadcast-red"><strong>Moderated join is set to sync with modchat!<\/strong><br \/>Only users who can speak in modchat can join.<\/div>
|c|☆tugfatestea|\/log tugfatestea set modjoin to sync with modchat.


(tugfatestea set modchat to +)


|raw|<div class="broadcast-red"><strong>Moderated chat was set to +!<\/strong><br \/>Only users of rank + and higher can talk.<\/div>



|c|☆tugfatestea|\/log tugfatestea made this room hidden.



|inactive|tugfatestea has 120 seconds left.



|
|switch|p2a: Tapu Koko|Tapu Koko|88\/100
|-damage|p2a: Tapu Koko|76\/100|[from] Stealth Rock
|turn|24


|inactive|Time left: 150 sec this turn | 490 sec total


|
|move|p2a: Tapu Koko|Hidden Power|p1a: Whips don't lie
|-damage|p1a: Whips don't lie|267\/352
|move|p1a: Whips don't lie|Power Whip|p2a: Tapu Koko
|-damage|p2a: Tapu Koko|24\/100
|
|-heal|p1a: Whips don't lie|289\/352|[from] item: Leftovers
|upkeep
|turn|25


|inactive|Time left: 150 sec this turn | 500 sec total


|
|switch|p2a: Zygarde|Zygarde|88\/100
|-damage|p2a: Zygarde|82\/100|[from] Stealth Rock
|-ability|p2a: Zygarde|Aura Break
|move|p1a: Whips don't lie|Power Whip|p2a: Zygarde
|-damage|p2a: Zygarde|53\/100
|
|-heal|p2a: Zygarde|59\/100|[from] item: Leftovers
|-heal|p1a: Whips don't lie|311\/352|[from] item: Leftovers
|upkeep
|turn|26


|inactive|Time left: 150 sec this turn | 505 sec total


|
|move|p2a: Zygarde|Substitute|p2a: Zygarde
|-start|p2a: Zygarde|Substitute
|-damage|p2a: Zygarde|34\/100
|move|p1a: Whips don't lie|Power Whip|p2a: Zygarde
|-end|p2a: Zygarde|Substitute
|
|-heal|p2a: Zygarde|41\/100|[from] item: Leftovers
|-heal|p1a: Whips don't lie|333\/352|[from] item: Leftovers
|-fieldend|move: Electric Terrain
|upkeep
|turn|27


|inactive|Time left: 150 sec this turn | 515 sec total


|
|move|p2a: Zygarde|Protect|p2a: Zygarde
|-singleturn|p2a: Zygarde|Protect
|move|p1a: Whips don't lie|Power Whip|p2a: Zygarde
|-activate|p2a: Zygarde|move: Protect
|
|-heal|p2a: Zygarde|47\/100|[from] item: Leftovers
|-heal|p1a: Whips don't lie|352\/352|[from] item: Leftovers
|upkeep
|turn|28


|inactive|Time left: 150 sec this turn | 525 sec total


|
|move|p2a: Zygarde|Substitute|p2a: Zygarde
|-start|p2a: Zygarde|Substitute
|-damage|p2a: Zygarde|22\/100
|move|p1a: Whips don't lie|Power Whip|p2a: Zygarde
|-end|p2a: Zygarde|Substitute
|
|-heal|p2a: Zygarde|28\/100|[from] item: Leftovers
|upkeep
|turn|29


|inactive|Time left: 150 sec this turn | 530 sec total


|
|switch|p1a: R34 Lusamine|Nihilego|360\/360
|move|p2a: Zygarde|Substitute|p2a: Zygarde
|-start|p2a: Zygarde|Substitute
|-damage|p2a: Zygarde|3\/100
|
|-heal|p2a: Zygarde|9\/100|[from] item: Leftovers
|upkeep
|turn|30


|inactive|Time left: 150 sec this turn | 540 sec total


|
|move|p1a: R34 Lusamine|Hidden Power|p2a: Zygarde
|-supereffective|p2a: Zygarde
|-end|p2a: Zygarde|Substitute
|move|p2a: Zygarde|Thousand Arrows|p1a: R34 Lusamine
|-supereffective|p1a: R34 Lusamine
|-damage|p1a: R34 Lusamine|0 fnt
|faint|p1a: R34 Lusamine
|
|-heal|p2a: Zygarde|15\/100|[from] item: Leftovers
|upkeep


|inactive|Time left: 150 sec this turn | 550 sec total


|
|switch|p1a: Zygarde sux|Garchomp, F|202\/357
|turn|31


|inactive|Time left: 150 sec this turn | 555 sec total


|
|move|p1a: Zygarde sux|Earthquake|p2a: Zygarde
|-damage|p2a: Zygarde|0 fnt
|faint|p2a: Zygarde
|
|upkeep


|inactive|Time left: 150 sec this turn | 565 sec total


|
|switch|p2a: Blacephalon|Blacephalon|100\/100
|-damage|p2a: Blacephalon|76\/100|[from] Stealth Rock
|turn|32


|inactive|Time left: 150 sec this turn | 575 sec total


|
|switch|p1a: Flexicution|Greninja, M|285\/285
|move|p2a: Blacephalon|Fire Blast|p1a: Flexicution
|-resisted|p1a: Flexicution
|-damage|p1a: Flexicution|145\/285
|
|upkeep
|turn|33


|inactive|Time left: 150 sec this turn | 580 sec total


|
|switch|p2a: Toxapex|Toxapex, M|100\/100
|-damage|p2a: Toxapex|88\/100|[from] Stealth Rock
|move|p1a: Flexicution|Dark Pulse|p2a: Toxapex
|-damage|p2a: Toxapex|53\/100
|
|-heal|p2a: Toxapex|59\/100|[from] item: Black Sludge
|upkeep
|turn|34


|inactive|Time left: 150 sec this turn | 580 sec total


|
|switch|p1a: Whips don't lie|Ferrothorn, M|352\/352
|switch|p2a: Blacephalon|Blacephalon|76\/100
|-damage|p2a: Blacephalon|51\/100|[from] Stealth Rock
|
|upkeep
|turn|35


|inactive|Time left: 150 sec this turn | 590 sec total


|
|move|p2a: Blacephalon|Fire Blast|p1a: Whips don't lie
|-supereffective|p1a: Whips don't lie
|-damage|p1a: Whips don't lie|0 fnt
|faint|p1a: Whips don't lie
|-ability|p2a: Blacephalon|Beast Boost|boost
|-boost|p2a: Blacephalon|spa|1
|
|upkeep


|inactive|Time left: 150 sec this turn | 600 sec total


|
|switch|p1a: Flexicution|Greninja, M|145\/285
|turn|36


|inactive|Time left: 150 sec this turn | 610 sec total


|
|move|p1a: Flexicution|Water Shuriken|p2a: Blacephalon
|-supereffective|p2a: Blacephalon
|-damage|p2a: Blacephalon|19\/100
|-supereffective|p2a: Blacephalon
|-damage|p2a: Blacephalon|0 fnt
|-hitcount|p2a: Blacephalon|2
|faint|p2a: Blacephalon
|-activate|p1a: Flexicution|ability: Battle Bond
|detailschange|p1a: Flexicution|Greninja-Ash, M
|
|upkeep


|inactive|Time left: 150 sec this turn | 620 sec total


|
|switch|p2a: Tapu Koko|Tapu Koko|24\/100
|-damage|p2a: Tapu Koko|12\/100|[from] Stealth Rock
|-fieldstart|move: Electric Terrain|[from] ability: Electric Surge|[of] p2a: Tapu Koko
|turn|37


|inactive|Time left: 150 sec this turn | 630 sec total


|-message|tugfatestea forfeited.



|
|win|ass grabbin


|inactive|Time left: 150 sec this turn | 635 sec total

||Ladder updating...


|l|☆tugfatestea

</script>
</div>
<div class="battle-log battle-log-inline"><div class="inner"><div class="chat"><small>☆ass grabbin joined.</small></div><div class="chat"><small>☆tugfatestea joined.</small></div><div style="padding:5px 0"><small>Format:</small> <br><strong>[Gen 7] OU</strong></div><div class="rated"><strong>Rated battle</strong></div><div><small><em>Sleep Clause Mod:</em> Limit one foe put to sleep</small></div><div><small><em>Species Clause:</em> Limit one of each Pokémon</small></div><div><small><em>OHKO Clause:</em> OHKO moves are banned</small></div><div><small><em>Moody Clause:</em> Moody is banned</small></div><div><small><em>Evasion Moves Clause:</em> Evasion moves are banned</small></div><div><small><em>Endless Battle Clause:</em> Forcing endless battles is banned</small></div><div><small><em>HP Percentage Mod:</em> HP is shown in percentages</small></div><div class="chat"><strong>ass grabbin's team:</strong> <em style="color:#445566;display:block;">Zapdos / Garchomp / Greninja / Nihilego / Ferrothorn / Scizor</em></div><div class="chat"><strong>tugfatestea's team:</strong> <em style="color:#445566;display:block;">Zygarde / Scizor / Landorus-Therian / Tapu Koko / Toxapex / Blacephalon</em></div><div class="chat message-error">Battle timer is ON: inactive players will automatically lose when time's up. (requested by ass grabbin)</div><div>Battle between ass grabbin and tugfatestea started!</div><div class="spacer battle-history"></div><div class="battle-history">Go! <span class="battle-nickname" title="Ferrothorn">Whips don't lie <small>(Ferrothorn)</small></span>!</div><div class="spacer battle-history"></div><div class="battle-history">tugfatestea sent out Tapu Koko!</div><div class="battle-history"><small>[Opposing <span class="battle-nickname-foe" title="Tapu Koko">Tapu Koko</span>'s Electric Surge!]</small></div><div class="battle-history"><small>An electric current runs across the battlefield!</small></div><h2 class="battle-history">Turn 1</h2><div class="spacer battle-history"></div><div class="battle-history">The opposing <span class="battle-nickname-foe" title="Tapu Koko">Tapu Koko</span> used <strong>Volt Switch</strong>!</div><div class="battle-history"><small>It's not very effective... <br></small><small><span class="battle-nickname" title="Ferrothorn">Whips don't lie</span> lost <abbr title="−57/352">16.2%</abbr> of its health!</small><br></div><div class="spacer battle-history"></div><div class="battle-history">The opposing <span class="battle-nickname-foe" title="Tapu Koko">Tapu Koko</span> went back to tugfatestea!</div><div class="battle-history">tugfatestea sent out Scizor!</div><div class="spacer battle-history"></div><div class="battle-history"><span class="battle-nickname" title="Ferrothorn">Whips don't lie</span> used <strong>Stealth Rock</strong>!</div><div class="battle-history"><small>Pointed stones float in the air around the opposing team!</small></div><div class="spacer battle-history"></div><div class="battle-history"><small><span class="battle-nickname" title="Ferrothorn">Whips don't lie</span> restored a little HP using its Leftovers!</small></div><h2 class="battle-history">Turn 2</h2><div class="spacer battle-history"></div><div class="battle-history"><small>The opposing <span class="battle-nickname-foe" title="Scizor">Scizor</span>'s Scizorite is reacting to the Key Stone!<br>The opposing <span class="battle-nickname-foe" title="Scizor">Scizor</span> has Mega Evolved into Mega Scizor!</small></div><div class="spacer battle-history"></div><div class="battle-history">The opposing <span class="battle-nickname-foe" title="Scizor-Mega">Scizor</span> used <strong>Defog</strong>!</div><div class="battle-history"><small><span class="battle-nickname" title="Ferrothorn">Whips don't lie</span>'s evasiveness fell! </small></div><div class="battle-history"><small>The pointed stones disappeared from around the opposing team!</small></div><div class="spacer battle-history"></div><div class="battle-history"><span class="battle-nickname" title="Ferrothorn">Whips don't lie</span> used <strong>Thunder Wave</strong>!</div><div class="battle-history"><small>The opposing <span class="battle-nickname-foe" title="Scizor-Mega">Scizor</span> is paralyzed! It may be unable to move!</small></div><div class="spacer battle-history"></div><div class="battle-history"><small><span class="battle-nickname" title="Ferrothorn">Whips don't lie</span> restored a little HP using its Leftovers!</small></div><h2 class="battle-history">Turn 3</h2><div class="spacer battle-history"></div><div class="battle-history">The opposing <span class="battle-nickname-foe" title="Scizor-Mega">Scizor</span> used <strong>U-turn</strong>!</div><div class="battle-history"><small><span class="battle-nickname" title="Ferrothorn">Whips don't lie</span> lost <abbr title="−85/352">24.1%</abbr> of its health!</small><br></div><div class="battle-history"><small>[<span class="battle-nickname" title="Ferrothorn">Whips don't lie</span>'s Iron Barbs!]</small></div><div class="battle-history"><small>The opposing <span class="battle-nickname-foe" title="Scizor-Mega">Scizor</span> was hurt! </small></div><div class="spacer battle-history"></div><div class="battle-history">The opposing <span class="battle-nickname-foe" title="Scizor-Mega">Scizor</span> went back to tugfatestea!</div><div class="battle-history">tugfatestea sent out Zygarde!</div><div class="battle-history"><small>[Opposing <span class="battle-nickname-foe" title="Zygarde">Zygarde</span>'s Aura Break!]</small></div><div class="battle-history"><small>The opposing <span class="battle-nickname-foe" title="Zygarde">Zygarde</span> reversed all other Pokémon's auras!</small></div><div class="spacer battle-history"></div><div class="battle-history"><span class="battle-nickname" title="Ferrothorn">Whips don't lie</span> used <strong>Stealth Rock</strong>!</div><div class="battle-history"><small>Pointed stones float in the air around the opposing team!</small></div><div class="spacer battle-history"></div><div class="battle-history"><small><span class="battle-nickname" title="Ferrothorn">Whips don't lie</span> restored a little HP using its Leftovers!</small></div><h2 class="battle-history">Turn 4</h2><div class="spacer battle-history"></div><div class="battle-history">The opposing <span class="battle-nickname-foe" title="Zygarde">Zygarde</span> used <strong>Substitute</strong>!</div><div class="battle-history"><small>The opposing <span class="battle-nickname-foe" title="Zygarde">Zygarde</span> put in a substitute!</small></div><div class="battle-history"><small>The opposing <span class="battle-nickname-foe" title="Zygarde">Zygarde</span> lost 25% of its health!</small><br></div><div class="spacer battle-history"></div><div class="battle-history"><span class="battle-nickname" title="Ferrothorn">Whips don't lie</span> used <strong>Power Whip</strong>!</div><div class="battle-history"><small>The opposing <span class="battle-nickname-foe" title="Zygarde">Zygarde</span>'s substitute faded!</small></div><div class="spacer battle-history"></div><div class="battle-history"><small>The opposing <span class="battle-nickname-foe" title="Zygarde">Zygarde</span> restored a little HP using its Leftovers!</small></div><div class="battle-history"><small><span class="battle-nickname" title="Ferrothorn">Whips don't lie</span> restored a little HP using its Leftovers!</small></div><h2 class="battle-history">Turn 5</h2><div class="spacer battle-history"></div><div class="battle-history">The opposing <span class="battle-nickname-foe" title="Zygarde">Zygarde</span> used <strong>Protect</strong>!</div><div class="battle-history"><small>The opposing <span class="battle-nickname-foe" title="Zygarde">Zygarde</span> protected itself!</small></div><div class="spacer battle-history"></div><div class="battle-history"><span class="battle-nickname" title="Ferrothorn">Whips don't lie</span> used <strong>Power Whip</strong>!</div><div class="battle-history"><small>The opposing <span class="battle-nickname-foe" title="Zygarde">Zygarde</span> protected itself!</small></div><div class="spacer battle-history"></div><div class="battle-history"><small>The opposing <span class="battle-nickname-foe" title="Zygarde">Zygarde</span> restored a little HP using its Leftovers!</small></div><div class="battle-history"><small><span class="battle-nickname" title="Ferrothorn">Whips don't lie</span> restored a little HP using its Leftovers!</small></div><div class="battle-history"><small>The electricity disappeared from the battlefield.</small></div><h2 class="battle-history">Turn 6</h2><div class="spacer battle-history"></div><div class="battle-history">tugfatestea withdrew Zygarde!</div><div class="battle-history">tugfatestea sent out <span class="battle-nickname-foe" title="Scizor-Mega">Scizor <small>(Scizor-Mega)</small></span>!</div><div class="battle-history"><small>Pointed stones dug into the opposing <span class="battle-nickname-foe" title="Scizor-Mega">Scizor</span>! </small></div><div class="spacer battle-history"></div><div class="battle-history"><span class="battle-nickname" title="Ferrothorn">Whips don't lie</span> used <strong>Power Whip</strong>!</div><div class="battle-history"><small>It's not very effective... <br></small><small>The opposing <span class="battle-nickname-foe" title="Scizor-Mega">Scizor</span> lost 6% of its health!</small><br></div><div class="spacer battle-history"></div><div class="battle-history"><small><span class="battle-nickname" title="Ferrothorn">Whips don't lie</span> restored a little HP using its Leftovers!</small></div><h2 class="battle-history">Turn 7</h2><div class="spacer battle-history"></div><div class="battle-history"><span class="battle-nickname" title="Ferrothorn">Whips don't lie</span>, come back!</div><div class="battle-history">Go! <span class="battle-nickname" title="Zapdos">Bodak Yellow <small>(Zapdos)</small></span>!</div><div class="spacer battle-history"></div><div class="battle-history">The opposing <span class="battle-nickname-foe" title="Scizor-Mega">Scizor</span> used <strong>Defog</strong>!</div><div class="battle-history"><small><span class="battle-nickname" title="Zapdos">Bodak Yellow</span>'s evasiveness fell! </small></div><div class="battle-history"><small>The pointed stones disappeared from around the opposing team!</small></div><h2 class="battle-history">Turn 8</h2><div class="chat message-error">tugfatestea has 135 seconds left.</div><div class="spacer battle-history"></div><div class="battle-history"><span class="battle-nickname" title="Zapdos">Bodak Yellow</span>, come back!</div><div class="battle-history">Go! <span class="battle-nickname" title="Garchomp">Zygarde sux <small>(Garchomp)</small></span>!</div><div class="spacer battle-history"></div><div class="battle-history">tugfatestea withdrew <span class="battle-nickname-foe" title="Scizor-Mega">Scizor <small>(Scizor-Mega)</small></span>!</div><div class="battle-history">tugfatestea sent out Toxapex!</div><h2 class="battle-history">Turn 9</h2><div class="spacer battle-history"></div><div class="battle-history"><span class="battle-nickname" title="Garchomp">Zygarde sux</span> used <strong>Swords Dance</strong>!</div><div class="battle-history"><small><span class="battle-nickname" title="Garchomp">Zygarde sux</span>'s Attack rose sharply! </small></div><div class="spacer battle-history"></div><div class="battle-history">The opposing <span class="battle-nickname-foe" title="Toxapex">Toxapex</span> used <strong>Scald</strong>!</div><div class="battle-history"><small><span class="battle-nickname" title="Garchomp">Zygarde sux</span> lost <abbr title="−70/357">19.6%</abbr> of its health!</small><br></div><h2 class="battle-history">Turn 10</h2><div class="spacer battle-history"></div><div class="battle-history">tugfatestea withdrew Toxapex!</div><div class="battle-history">tugfatestea sent out <span class="battle-nickname-foe" title="Landorus-Therian">Landorus <small>(Landorus-Therian)</small></span>!</div><div class="battle-history"><small>[Opposing <span class="battle-nickname-foe" title="Landorus-Therian">Landorus</span>'s Intimidate!]</small></div><div class="battle-history"><small><span class="battle-nickname" title="Garchomp">Zygarde sux</span>'s Attack fell! </small></div><div class="spacer battle-history"></div><div class="battle-history"><small><span class="battle-nickname" title="Garchomp">Zygarde sux</span> surrounded itself with its Z-Power! </small></div><div class="battle-history"><small><span class="battle-nickname" title="Garchomp">Zygarde sux</span> unleashes its full-force Z-Move!</small></div><div class="battle-history"><span class="battle-nickname" title="Garchomp">Zygarde sux</span> used <strong>Devastating Drake</strong>!</div><div class="battle-history"><small>A critical hit! <br></small><small>The opposing <span class="battle-nickname-foe" title="Landorus-Therian">Landorus</span> lost 100% of its health!</small><br></div><div class="spacer battle-history"></div><div class="battle-history">The opposing <span class="battle-nickname-foe" title="Landorus-Therian">Landorus</span> fainted!</div><div class="spacer battle-history"></div><div class="battle-history">tugfatestea sent out Tapu Koko!</div><div class="battle-history"><small>[Opposing <span class="battle-nickname-foe" title="Tapu Koko">Tapu Koko</span>'s Electric Surge!]</small></div><div class="battle-history"><small>An electric current runs across the battlefield!</small></div><h2 class="battle-history">Turn 11</h2><div class="spacer battle-history"></div><div class="battle-history"><span class="battle-nickname" title="Garchomp">Zygarde sux</span>, come back!</div><div class="battle-history">Go! <span class="battle-nickname" title="Ferrothorn">Whips don't lie <small>(Ferrothorn)</small></span>!</div><div class="spacer battle-history"></div><div class="battle-history">The opposing <span class="battle-nickname-foe" title="Tapu Koko">Tapu Koko</span> used <strong>Volt Switch</strong>!</div><div class="battle-history"><small>It's not very effective... <br></small><small><span class="battle-nickname" title="Ferrothorn">Whips don't lie</span> lost <abbr title="−59/352">16.8%</abbr> of its health!</small><br></div><div class="spacer battle-history"></div><div class="battle-history">The opposing <span class="battle-nickname-foe" title="Tapu Koko">Tapu Koko</span> went back to tugfatestea!</div><div class="battle-history">tugfatestea sent out Blacephalon!</div><div class="spacer battle-history"></div><div class="battle-history"><small><span class="battle-nickname" title="Ferrothorn">Whips don't lie</span> restored a little HP using its Leftovers!</small></div><h2 class="battle-history">Turn 12</h2><div class="spacer battle-history"></div><div class="battle-history"><span class="battle-nickname" title="Ferrothorn">Whips don't lie</span>, come back!</div><div class="battle-history">Go! <span class="battle-nickname" title="Greninja">Flexicution <small>(Greninja)</small></span>!</div><div class="spacer battle-history"></div><div class="battle-history">The opposing <span class="battle-nickname-foe" title="Blacephalon">Blacephalon</span> used <strong>Psyshock</strong>!</div><div class="battle-history"><small>It doesn't affect <span class="battle-nickname" title="Greninja">Flexicution</span>... </small></div><h2 class="battle-history">Turn 13</h2><div class="chat message-error">[Invalid choice] There's nothing to cancel</div><div class="spacer battle-history"></div><div class="battle-history">tugfatestea withdrew Blacephalon!</div><div class="battle-history">tugfatestea sent out Toxapex!</div><div class="spacer battle-history"></div><div class="battle-history"><span class="battle-nickname" title="Greninja">Flexicution</span> used <strong>Spikes</strong>!</div><div class="battle-history"><small>Spikes were scattered on the ground all around the opposing team!</small></div><h2 class="battle-history">Turn 14</h2><div class="spacer battle-history"></div><div class="battle-history"><span class="battle-nickname" title="Greninja">Flexicution</span>, come back!</div><div class="battle-history">Go! <span class="battle-nickname" title="Ferrothorn">Whips don't lie <small>(Ferrothorn)</small></span>!</div><div class="spacer battle-history"></div><div class="battle-history">The opposing <span class="battle-nickname-foe" title="Toxapex">Toxapex</span> used <strong>Scald</strong>!</div><div class="battle-history"><small>It's not very effective... <br></small><small><span class="battle-nickname" title="Ferrothorn">Whips don't lie</span> lost <abbr title="−23/352">6.5%</abbr> of its health!</small><br></div><div class="spacer battle-history"></div><div class="battle-history"><small><span class="battle-nickname" title="Ferrothorn">Whips don't lie</span> restored a little HP using its Leftovers!</small></div><h2 class="battle-history">Turn 15</h2><div class="spacer battle-history"></div><div class="battle-history">tugfatestea withdrew Toxapex!</div><div class="battle-history">tugfatestea sent out <span class="battle-nickname-foe" title="Scizor-Mega">Scizor <small>(Scizor-Mega)</small></span>!</div><div class="battle-history"><small>The opposing <span class="battle-nickname-foe" title="Scizor-Mega">Scizor</span> is hurt by the spikes! </small></div><div class="spacer battle-history"></div><div class="battle-history"><span class="battle-nickname" title="Ferrothorn">Whips don't lie</span> used <strong>Stealth Rock</strong>!</div><div class="battle-history"><small>Pointed stones float in the air around the opposing team!</small></div><div class="spacer battle-history"></div><div class="battle-history"><small><span class="battle-nickname" title="Ferrothorn">Whips don't lie</span> restored a little HP using its Leftovers!</small></div><div class="battle-history"><small>The electricity disappeared from the battlefield.</small></div><h2 class="battle-history">Turn 16</h2><div class="spacer battle-history"></div><div class="battle-history"><span class="battle-nickname" title="Ferrothorn">Whips don't lie</span>, come back!</div><div class="battle-history">Go! <span class="battle-nickname" title="Garchomp">Zygarde sux <small>(Garchomp)</small></span>!</div><div class="spacer battle-history"></div><div class="battle-history">The opposing <span class="battle-nickname-foe" title="Scizor-Mega">Scizor</span> used <strong>Defog</strong>!</div><div class="battle-history"><small><span class="battle-nickname" title="Garchomp">Zygarde sux</span>'s evasiveness fell! </small></div><div class="battle-history"><small>The spikes disappeared from the ground around the opposing team!</small></div><div class="battle-history"><small>The pointed stones disappeared from around the opposing team!</small></div><h2 class="battle-history">Turn 17</h2><div class="spacer battle-history"></div><div class="battle-history">tugfatestea withdrew <span class="battle-nickname-foe" title="Scizor-Mega">Scizor <small>(Scizor-Mega)</small></span>!</div><div class="battle-history">tugfatestea sent out Tapu Koko!</div><div class="battle-history"><small>[Opposing <span class="battle-nickname-foe" title="Tapu Koko">Tapu Koko</span>'s Electric Surge!]</small></div><div class="battle-history"><small>An electric current runs across the battlefield!</small></div><div class="spacer battle-history"></div><div class="battle-history"><span class="battle-nickname" title="Garchomp">Zygarde sux</span> used <strong>Swords Dance</strong>!</div><div class="battle-history"><small><span class="battle-nickname" title="Garchomp">Zygarde sux</span>'s Attack rose sharply! </small></div><h2 class="battle-history">Turn 18</h2><div class="spacer battle-history"></div><div class="battle-history"><span class="battle-nickname" title="Garchomp">Zygarde sux</span>, come back!</div><div class="battle-history">Go! <span class="battle-nickname" title="Ferrothorn">Whips don't lie <small>(Ferrothorn)</small></span>!</div><div class="spacer battle-history"></div><div class="battle-history">The opposing <span class="battle-nickname-foe" title="Tapu Koko">Tapu Koko</span> used <strong>Hidden Power</strong>!</div><div class="battle-history"><small><span class="battle-nickname" title="Ferrothorn">Whips don't lie</span> lost <abbr title="−42/352">11.9%</abbr> of its health!</small><br></div><div class="spacer battle-history"></div><div class="battle-history"><small><span class="battle-nickname" title="Ferrothorn">Whips don't lie</span> restored a little HP using its Leftovers!</small></div><h2 class="battle-history">Turn 19</h2><div class="spacer battle-history"></div><div class="battle-history">tugfatestea withdrew Tapu Koko!</div><div class="battle-history">tugfatestea sent out <span class="battle-nickname-foe" title="Scizor-Mega">Scizor <small>(Scizor-Mega)</small></span>!</div><div class="spacer battle-history"></div><div class="battle-history"><span class="battle-nickname" title="Ferrothorn">Whips don't lie</span> used <strong>Stealth Rock</strong>!</div><div class="battle-history"><small>Pointed stones float in the air around the opposing team!</small></div><div class="spacer battle-history"></div><div class="battle-history"><small><span class="battle-nickname" title="Ferrothorn">Whips don't lie</span> restored a little HP using its Leftovers!</small></div><h2 class="battle-history">Turn 20</h2><div class="spacer battle-history"></div><div class="battle-history">The opposing <span class="battle-nickname-foe" title="Scizor-Mega">Scizor</span> used <strong>Roost</strong>!</div><div class="battle-history"><small>The opposing <span class="battle-nickname-foe" title="Scizor-Mega">Scizor</span> restored its HP.</small></div><div class="spacer battle-history"></div><div class="battle-history"><span class="battle-nickname" title="Ferrothorn">Whips don't lie</span> used <strong>Leech Seed</strong>!</div><div class="battle-history"><small>The opposing <span class="battle-nickname-foe" title="Scizor-Mega">Scizor</span> was seeded!</small></div><div class="spacer battle-history"></div><div class="battle-history"><small><span class="battle-nickname" title="Ferrothorn">Whips don't lie</span> restored a little HP using its Leftovers!</small></div><div class="battle-history"><small>The opposing <span class="battle-nickname-foe" title="Scizor-Mega">Scizor</span>'s health is sapped by Leech Seed! </small></div><h2 class="battle-history">Turn 21</h2><div class="spacer battle-history"></div><div class="battle-history"><span class="battle-nickname" title="Ferrothorn">Whips don't lie</span>, come back!</div><div class="battle-history">Go! <span class="battle-nickname" title="Garchomp">Zygarde sux <small>(Garchomp)</small></span>!</div><div class="spacer battle-history"></div><div class="battle-history">The opposing <span class="battle-nickname-foe" title="Scizor-Mega">Scizor</span> is paralyzed! It can't move!</div><div class="spacer battle-history"></div><div class="battle-history"><small>The opposing <span class="battle-nickname-foe" title="Scizor-Mega">Scizor</span>'s health is sapped by Leech Seed! </small></div><div class="battle-history"><small>The electricity disappeared from the battlefield.</small></div><h2 class="battle-history">Turn 22</h2><div class="spacer battle-history"></div><div class="battle-history"><span class="battle-nickname" title="Garchomp">Zygarde sux</span> used <strong>Fire Fang</strong>!</div><div class="battle-history"><small>It's super effective! <br></small><small>The opposing <span class="battle-nickname-foe" title="Scizor-Mega">Scizor</span> lost 55% of its health!</small><br></div><div class="spacer battle-history"></div><div class="battle-history">The opposing <span class="battle-nickname-foe" title="Scizor-Mega">Scizor</span> used <strong>U-turn</strong>!</div><div class="battle-history"><small><span class="battle-nickname" title="Garchomp">Zygarde sux</span> lost <abbr title="−127/357">35.6%</abbr> of its health!</small><br></div><div class="battle-history"><small>[<span class="battle-nickname" title="Garchomp">Zygarde sux</span>'s Rough Skin!]</small></div><div class="battle-history"><small>The opposing <span class="battle-nickname-foe" title="Scizor-Mega">Scizor</span> was hurt! </small></div><div class="spacer battle-history"></div><div class="battle-history">The opposing <span class="battle-nickname-foe" title="Scizor-Mega">Scizor</span> went back to tugfatestea!</div><div class="battle-history">tugfatestea sent out Tapu Koko!</div><div class="battle-history"><small>Pointed stones dug into the opposing <span class="battle-nickname-foe" title="Tapu Koko">Tapu Koko</span>! </small></div><div class="battle-history"><small>[Opposing <span class="battle-nickname-foe" title="Tapu Koko">Tapu Koko</span>'s Electric Surge!]</small></div><div class="battle-history"><small>An electric current runs across the battlefield!</small></div><h2 class="battle-history">Turn 23</h2><div class="spacer battle-history"></div><div class="battle-history"><span class="battle-nickname" title="Garchomp">Zygarde sux</span>, come back!</div><div class="battle-history">Go! <span class="battle-nickname" title="Ferrothorn">Whips don't lie <small>(Ferrothorn)</small></span>!</div><div class="spacer battle-history"></div><div class="battle-history">The opposing <span class="battle-nickname-foe" title="Tapu Koko">Tapu Koko</span> used <strong>Volt Switch</strong>!</div><div class="battle-history"><small>It's not very effective... <br></small><small><span class="battle-nickname" title="Ferrothorn">Whips don't lie</span> lost <abbr title="−61/352">17.3%</abbr> of its health!</small><br></div><div class="spacer battle-history"></div><div class="battle-history">The opposing <span class="battle-nickname-foe" title="Tapu Koko">Tapu Koko</span> went back to tugfatestea!</div><div class="battle-history">tugfatestea sent out <span class="battle-nickname-foe" title="Scizor-Mega">Scizor <small>(Scizor-Mega)</small></span>!</div><div class="battle-history"><small>Pointed stones dug into the opposing <span class="battle-nickname-foe" title="Scizor-Mega">Scizor</span>! </small></div><div class="spacer battle-history"></div><div class="battle-history">The opposing <span class="battle-nickname-foe" title="Scizor-Mega">Scizor</span> fainted!</div><div class="spacer battle-history"></div><div class="battle-history"><small><span class="battle-nickname" title="Ferrothorn">Whips don't lie</span> restored a little HP using its Leftovers!</small></div><div class="chat message-error">tugfatestea has 135 seconds left.</div><div class="chat"><div class="broadcast-red"><strong>Moderated join is set to sync with modchat!</strong><br>Only users who can speak in modchat can join.</div></div><div class="chat chatmessage-tugfatestea"><span class="message-log">tugfatestea set modjoin to sync with modchat.</span></div><div class="chat">(tugfatestea set modchat to +)</div><div class="chat"><div class="broadcast-red"><strong>Moderated chat was set to +!</strong><br>Only users of rank + and higher can talk.</div></div><div class="chat chatmessage-tugfatestea"><span class="message-log">tugfatestea made this room hidden.</span></div><div class="chat message-error">tugfatestea has 120 seconds left.</div><div class="spacer battle-history"></div><div class="battle-history">tugfatestea sent out Tapu Koko!</div><div class="battle-history"><small>Pointed stones dug into the opposing <span class="battle-nickname-foe" title="Tapu Koko">Tapu Koko</span>! </small></div><h2 class="battle-history">Turn 24</h2><div class="spacer battle-history"></div><div class="battle-history">The opposing <span class="battle-nickname-foe" title="Tapu Koko">Tapu Koko</span> used <strong>Hidden Power</strong>!</div><div class="battle-history"><small><span class="battle-nickname" title="Ferrothorn">Whips don't lie</span> lost <abbr title="−46/352">13.1%</abbr> of its health!</small><br></div><div class="spacer battle-history"></div><div class="battle-history"><span class="battle-nickname" title="Ferrothorn">Whips don't lie</span> used <strong>Power Whip</strong>!</div><div class="battle-history"><small>The opposing <span class="battle-nickname-foe" title="Tapu Koko">Tapu Koko</span> lost 52% of its health!</small><br></div><div class="spacer battle-history"></div><div class="battle-history"><small><span class="battle-nickname" title="Ferrothorn">Whips don't lie</span> restored a little HP using its Leftovers!</small></div><h2 class="battle-history">Turn 25</h2><div class="spacer battle-history"></div><div class="battle-history">tugfatestea withdrew Tapu Koko!</div><div class="battle-history">tugfatestea sent out Zygarde!</div><div class="battle-history"><small>Pointed stones dug into the opposing <span class="battle-nickname-foe" title="Zygarde">Zygarde</span>! </small></div><div class="battle-history"><small>[Opposing <span class="battle-nickname-foe" title="Zygarde">Zygarde</span>'s Aura Break!]</small></div><div class="battle-history"><small>The opposing <span class="battle-nickname-foe" title="Zygarde">Zygarde</span> reversed all other Pokémon's auras!</small></div><div class="spacer battle-history"></div><div class="battle-history"><span class="battle-nickname" title="Ferrothorn">Whips don't lie</span> used <strong>Power Whip</strong>!</div><div class="battle-history"><small>The opposing <span class="battle-nickname-foe" title="Zygarde">Zygarde</span> lost 29% of its health!</small><br></div><div class="spacer battle-history"></div><div class="battle-history"><small>The opposing <span class="battle-nickname-foe" title="Zygarde">Zygarde</span> restored a little HP using its Leftovers!</small></div><div class="battle-history"><small><span class="battle-nickname" title="Ferrothorn">Whips don't lie</span> restored a little HP using its Leftovers!</small></div><h2 class="battle-history">Turn 26</h2><div class="spacer battle-history"></div><div class="battle-history">The opposing <span class="battle-nickname-foe" title="Zygarde">Zygarde</span> used <strong>Substitute</strong>!</div><div class="battle-history"><small>The opposing <span class="battle-nickname-foe" title="Zygarde">Zygarde</span> put in a substitute!</small></div><div class="battle-history"><small>The opposing <span class="battle-nickname-foe" title="Zygarde">Zygarde</span> lost 25% of its health!</small><br></div><div class="spacer battle-history"></div><div class="battle-history"><span class="battle-nickname" title="Ferrothorn">Whips don't lie</span> used <strong>Power Whip</strong>!</div><div class="battle-history"><small>The opposing <span class="battle-nickname-foe" title="Zygarde">Zygarde</span>'s substitute faded!</small></div><div class="spacer battle-history"></div><div class="battle-history"><small>The opposing <span class="battle-nickname-foe" title="Zygarde">Zygarde</span> restored a little HP using its Leftovers!</small></div><div class="battle-history"><small><span class="battle-nickname" title="Ferrothorn">Whips don't lie</span> restored a little HP using its Leftovers!</small></div><div class="battle-history"><small>The electricity disappeared from the battlefield.</small></div><h2 class="battle-history">Turn 27</h2><div class="spacer battle-history"></div><div class="battle-history">The opposing <span class="battle-nickname-foe" title="Zygarde">Zygarde</span> used <strong>Protect</strong>!</div><div class="battle-history"><small>The opposing <span class="battle-nickname-foe" title="Zygarde">Zygarde</span> protected itself!</small></div><div class="spacer battle-history"></div><div class="battle-history"><span class="battle-nickname" title="Ferrothorn">Whips don't lie</span> used <strong>Power Whip</strong>!</div><div class="battle-history"><small>The opposing <span class="battle-nickname-foe" title="Zygarde">Zygarde</span> protected itself!</small></div><div class="spacer battle-history"></div><div class="battle-history"><small>The opposing <span class="battle-nickname-foe" title="Zygarde">Zygarde</span> restored a little HP using its Leftovers!</small></div><div class="battle-history"><small><span class="battle-nickname" title="Ferrothorn">Whips don't lie</span> restored a little HP using its Leftovers!</small></div><h2 class="battle-history">Turn 28</h2><div class="spacer battle-history"></div><div class="battle-history">The opposing <span class="battle-nickname-foe" title="Zygarde">Zygarde</span> used <strong>Substitute</strong>!</div><div class="battle-history"><small>The opposing <span class="battle-nickname-foe" title="Zygarde">Zygarde</span> put in a substitute!</small></div><div class="battle-history"><small>The opposing <span class="battle-nickname-foe" title="Zygarde">Zygarde</span> lost 25% of its health!</small><br></div><div class="spacer battle-history"></div><div class="battle-history"><span class="battle-nickname" title="Ferrothorn">Whips don't lie</span> used <strong>Power Whip</strong>!</div><div class="battle-history"><small>The opposing <span class="battle-nickname-foe" title="Zygarde">Zygarde</span>'s substitute faded!</small></div><div class="spacer battle-history"></div><div class="battle-history"><small>The opposing <span class="battle-nickname-foe" title="Zygarde">Zygarde</span> restored a little HP using its Leftovers!</small></div><h2 class="battle-history">Turn 29</h2><div class="spacer battle-history"></div><div class="battle-history"><span class="battle-nickname" title="Ferrothorn">Whips don't lie</span>, come back!</div><div class="battle-history">Go! <span class="battle-nickname" title="Nihilego">R34 Lusamine <small>(Nihilego)</small></span>!</div><div class="spacer battle-history"></div><div class="battle-history">The opposing <span class="battle-nickname-foe" title="Zygarde">Zygarde</span> used <strong>Substitute</strong>!</div><div class="battle-history"><small>The opposing <span class="battle-nickname-foe" title="Zygarde">Zygarde</span> put in a substitute!</small></div><div class="battle-history"><small>The opposing <span class="battle-nickname-foe" title="Zygarde">Zygarde</span> lost 25% of its health!</small><br></div><div class="spacer battle-history"></div><div class="battle-history"><small>The opposing <span class="battle-nickname-foe" title="Zygarde">Zygarde</span> restored a little HP using its Leftovers!</small></div><h2 class="battle-history">Turn 30</h2><div class="spacer battle-history"></div><div class="battle-history"><span class="battle-nickname" title="Nihilego">R34 Lusamine</span> used <strong>Hidden Power</strong>!</div><div class="battle-history"><small>It's super effective! <br>The opposing <span class="battle-nickname-foe" title="Zygarde">Zygarde</span>'s substitute faded!</small></div><div class="spacer battle-history"></div><div class="battle-history">The opposing <span class="battle-nickname-foe" title="Zygarde">Zygarde</span> used <strong>Thousand Arrows</strong>!</div><div class="battle-history"><small>It's super effective! <br></small><small><span class="battle-nickname" title="Nihilego">R34 Lusamine</span> lost <abbr title="−360/360">100%</abbr> of its health!</small><br></div><div class="spacer battle-history"></div><div class="battle-history"><span class="battle-nickname" title="Nihilego">R34 Lusamine</span> fainted!</div><div class="spacer battle-history"></div><div class="battle-history"><small>The opposing <span class="battle-nickname-foe" title="Zygarde">Zygarde</span> restored a little HP using its Leftovers!</small></div><div class="spacer battle-history"></div><div class="battle-history">Go! <span class="battle-nickname" title="Garchomp">Zygarde sux <small>(Garchomp)</small></span>!</div><h2 class="battle-history">Turn 31</h2><div class="spacer battle-history"></div><div class="battle-history"><span class="battle-nickname" title="Garchomp">Zygarde sux</span> used <strong>Earthquake</strong>!</div><div class="battle-history"><small>The opposing <span class="battle-nickname-foe" title="Zygarde">Zygarde</span> lost 15% of its health!</small><br></div><div class="spacer battle-history"></div><div class="battle-history">The opposing <span class="battle-nickname-foe" title="Zygarde">Zygarde</span> fainted!</div><div class="spacer battle-history"></div><div class="battle-history">tugfatestea sent out Blacephalon!</div><div class="battle-history"><small>Pointed stones dug into the opposing <span class="battle-nickname-foe" title="Blacephalon">Blacephalon</span>! </small></div><h2 class="battle-history">Turn 32</h2><div class="spacer battle-history"></div><div class="battle-history"><span class="battle-nickname" title="Garchomp">Zygarde sux</span>, come back!</div><div class="battle-history">Go! <span class="battle-nickname" title="Greninja">Flexicution <small>(Greninja)</small></span>!</div><div class="spacer battle-history"></div><div class="battle-history">The opposing <span class="battle-nickname-foe" title="Blacephalon">Blacephalon</span> used <strong>Fire Blast</strong>!</div><div class="battle-history"><small>It's not very effective... <br></small><small><span class="battle-nickname" title="Greninja">Flexicution</span> lost <abbr title="−140/285">49.1%</abbr> of its health!</small><br></div><h2 class="battle-history">Turn 33</h2><div class="spacer battle-history"></div><div class="battle-history">tugfatestea withdrew Blacephalon!</div><div class="battle-history">tugfatestea sent out Toxapex!</div><div class="battle-history"><small>Pointed stones dug into the opposing <span class="battle-nickname-foe" title="Toxapex">Toxapex</span>! </small></div><div class="spacer battle-history"></div><div class="battle-history"><span class="battle-nickname" title="Greninja">Flexicution</span> used <strong>Dark Pulse</strong>!</div><div class="battle-history"><small>The opposing <span class="battle-nickname-foe" title="Toxapex">Toxapex</span> lost 35% of its health!</small><br></div><div class="spacer battle-history"></div><div class="battle-history"><small>The opposing <span class="battle-nickname-foe" title="Toxapex">Toxapex</span> restored a little HP using its Black Sludge!</small></div><h2 class="battle-history">Turn 34</h2><div class="spacer battle-history"></div><div class="battle-history"><span class="battle-nickname" title="Greninja">Flexicution</span>, come back!</div><div class="battle-history">Go! <span class="battle-nickname" title="Ferrothorn">Whips don't lie <small>(Ferrothorn)</small></span>!</div><div class="spacer battle-history"></div><div class="battle-history">tugfatestea withdrew Toxapex!</div><div class="battle-history">tugfatestea sent out Blacephalon!</div><div class="battle-history"><small>Pointed stones dug into the opposing <span class="battle-nickname-foe" title="Blacephalon">Blacephalon</span>! </small></div><h2 class="battle-history">Turn 35</h2><div class="spacer battle-history"></div><div class="battle-history">The opposing <span class="battle-nickname-foe" title="Blacephalon">Blacephalon</span> used <strong>Fire Blast</strong>!</div><div class="battle-history"><small>It's super effective! <br></small><small><span class="battle-nickname" title="Ferrothorn">Whips don't lie</span> lost <abbr title="−352/352">100%</abbr> of its health!</small><br></div><div class="spacer battle-history"></div><div class="battle-history"><span class="battle-nickname" title="Ferrothorn">Whips don't lie</span> fainted!</div><div class="battle-history"><small>[Opposing <span class="battle-nickname-foe" title="Blacephalon">Blacephalon</span>'s Beast Boost!]</small></div><div class="battle-history"><small>The opposing <span class="battle-nickname-foe" title="Blacephalon">Blacephalon</span>'s Special Attack rose! </small></div><div class="spacer battle-history"></div><div class="battle-history">Go! <span class="battle-nickname" title="Greninja">Flexicution <small>(Greninja)</small></span>!</div><h2 class="battle-history">Turn 36</h2><div class="spacer battle-history"></div><div class="battle-history"><span class="battle-nickname" title="Greninja">Flexicution</span> used <strong>Water Shuriken</strong>!</div><div class="battle-history"><small>It's super effective! <br></small><small>The opposing <span class="battle-nickname-foe" title="Blacephalon">Blacephalon</span> lost 32% of its health!</small><br></div><div class="battle-history"><small>It's super effective! <br></small><small>The opposing <span class="battle-nickname-foe" title="Blacephalon">Blacephalon</span> lost 19% of its health!</small><br></div><div class="battle-history"><small>Hit 2 times!</small></div><div class="spacer battle-history"></div><div class="battle-history">The opposing <span class="battle-nickname-foe" title="Blacephalon">Blacephalon</span> fainted!</div><div class="battle-history"><small>[<span class="battle-nickname" title="Greninja">Flexicution</span>'s Battle Bond!]</small></div><div class="battle-history"><small><span class="battle-nickname" title="Greninja">Flexicution</span> became fully charged due to its bond with its Trainer!</small></div><div class="battle-history"><span class="battle-nickname" title="Greninja-Ash">Flexicution</span> became Ash-Greninja!</div><div class="spacer battle-history"></div><div class="battle-history">tugfatestea sent out Tapu Koko!</div><div class="battle-history"><small>Pointed stones dug into the opposing <span class="battle-nickname-foe" title="Tapu Koko">Tapu Koko</span>! </small></div><div class="battle-history"><small>[Opposing <span class="battle-nickname-foe" title="Tapu Koko">Tapu Koko</span>'s Electric Surge!]</small></div><div class="battle-history"><small>An electric current runs across the battlefield!</small></div><h2 class="battle-history">Turn 37</h2><div class="spacer battle-history"></div><div class="battle-history"><small>tugfatestea forfeited.</small></div><div class="spacer battle-history"></div><div class="battle-history">ass grabbin won the battle!</div><div class="chat">Ladder updating...</div><div class="chat"><small>☆tugfatestea left.</small></div></div></div>
</div>
<script>
var daily = Math.floor(Date.now()/1000/60/60/24);document.write('<script src="https://play.pokemonshowdown.com/js/replay-embed.js?version'+daily+'"></'+'script>');
</script>
