<!DOCTYPE html>
<meta charset="utf-8" />
<!-- version 1 -->
<title>[Gen 7] OU replay: r/stunfisk testing vs. Eon lights</title>
<style>
html,body {font-family:Verdana, sans-serif;font-size:10pt;margin:0;padding:0;}body{padding:12px 0;} .battle-log {font-family:Verdana, sans-serif;font-size:10pt;} .battle-log-inline {border:1px solid #AAAAAA;background:#EEF2F5;color:black;max-width:640px;margin:0 auto 80px;padding-bottom:5px;} .battle-log .inner {padding:4px 8px 0px 8px;} .battle-log .inner-preempt {padding:0 8px 4px 8px;} .battle-log .inner-after {margin-top:0.5em;} .battle-log h2 {margin:0.5em -8px;padding:4px 8px;border:1px solid #AAAAAA;background:#E0E7EA;border-left:0;border-right:0;font-family:Verdana, sans-serif;font-size:13pt;} .battle-log .chat {vertical-align:middle;padding:3px 0 3px 0;font-size:8pt;} .battle-log .chat strong {color:#40576A;} .battle-log .chat em {padding:1px 4px 1px 3px;color:#000000;font-style:normal;} .chat.mine {background:rgba(0,0,0,0.05);margin-left:-8px;margin-right:-8px;padding-left:8px;padding-right:8px;} .spoiler {color:#BBBBBB;background:#BBBBBB;padding:0px 3px;} .spoiler:hover, .spoiler:active, .spoiler-shown {color:#000000;background:#E2E2E2;padding:0px 3px;} .spoiler a {color:#BBBBBB;} .spoiler:hover a, .spoiler:active a, .spoiler-shown a {color:#2288CC;} .chat code, .chat .spoiler:hover code, .chat .spoiler:active code, .chat .spoiler-shown code {border:1px solid #C0C0C0;background:#EEEEEE;color:black;padding:0 2px;} .chat .spoiler code {border:1px solid #CCCCCC;background:#CCCCCC;color:#CCCCCC;} .battle-log .rated {padding:3px 4px;} .battle-log .rated strong {color:white;background:#89A;padding:1px 4px;border-radius:4px;} .spacer {margin-top:0.5em;} .message-announce {background:#6688AA;color:white;padding:1px 4px 2px;} .message-announce a, .broadcast-green a, .broadcast-blue a, .broadcast-red a {color:#DDEEFF;} .broadcast-green {background-color:#559955;color:white;padding:2px 4px;} .broadcast-blue {background-color:#6688AA;color:white;padding:2px 4px;} .infobox {border:1px solid #6688AA;padding:2px 4px;} .infobox-limited {max-height:200px;overflow:auto;overflow-x:hidden;} .broadcast-red {background-color:#AA5544;color:white;padding:2px 4px;} .message-learn-canlearn {font-weight:bold;color:#228822;text-decoration:underline;} .message-learn-cannotlearn {font-weight:bold;color:#CC2222;text-decoration:underline;} .message-effect-weak {font-weight:bold;color:#CC2222;} .message-effect-resist {font-weight:bold;color:#6688AA;} .message-effect-immune {font-weight:bold;color:#666666;} .message-learn-list {margin-top:0;margin-bottom:0;} .message-throttle-notice, .message-error {color:#992222;} .message-overflow, .chat small.message-overflow {font-size:0pt;} .message-overflow::before {font-size:9pt;content:'...';} .subtle {color:#3A4A66;}
</style>
<div class="wrapper replay-wrapper" style="max-width:1180px;margin:0 auto">
<input type="hidden" name="replayid" value="gen7ou-716424213" />
<div class="battle"></div><div class="battle-log"></div><div class="replay-controls"></div><div class="replay-controls-2"></div>
<h1 style="font-weight:normal;text-align:center"><strong>[Gen 7] OU</strong><br /><a href="http://pokemonshowdown.com/users/rstunfisktesting" class="subtle" target="_blank">r/stunfisk testing</a> vs. <a href="http://pokemonshowdown.com/users/eonlights" class="subtle" target="_blank">Eon lights</a></h1>
<script type="text/plain" class="battle-log-data">|j|☆r\/stunfisk testing


|j|☆Eon lights



|player|p1|r\/stunfisk testing|70



|player|p2|Eon lights|253
|teamsize|p1|6
|teamsize|p2|6
|gametype|singles
|gen|7
|tier|[Gen 7] OU
|rated|
|seed|
|rule|Sleep Clause Mod: Limit one foe put to sleep
|rule|Species Clause: Limit one of each Pokémon
|rule|OHKO Clause: OHKO moves are banned
|rule|Moody Clause: Moody is banned
|rule|Evasion Moves Clause: Evasion moves are banned
|rule|Endless Battle Clause: Forcing endless battles is banned
|rule|HP Percentage Mod: HP is shown in percentages
|clearpoke
|poke|p1|Zapdos|item
|poke|p1|Zygarde|item
|poke|p1|Greninja, M|item
|poke|p1|Nihilego|item
|poke|p1|Ferrothorn, F|item
|poke|p1|Scizor, M|item
|poke|p2|Greninja, M|item
|poke|p2|Volcarona, F|item
|poke|p2|Zygarde|item
|poke|p2|Magearna|item
|poke|p2|Scizor, M|item
|poke|p2|Chansey, F|item
|teampreview



|
|start
|switch|p1a: Ferrothorn|Ferrothorn, F|352\/352
|switch|p2a: Chansey|Chansey, F|100\/100
|turn|1



|
|switch|p2a: Volcarona|Volcarona, F|100\/100
|move|p1a: Ferrothorn|Stealth Rock|p2a: Volcarona
|-sidestart|p2: Eon lights|move: Stealth Rock
|
|upkeep
|turn|2



|
|switch|p1a: Nihilego|Nihilego|360\/360
|move|p2a: Volcarona|Fiery Dance|p1a: Nihilego
|-resisted|p1a: Nihilego
|-damage|p1a: Nihilego|297\/360
|-boost|p2a: Volcarona|spa|1
|
|upkeep
|turn|3



|
|switch|p2a: Scizor|Scizor, M|100\/100
|-damage|p2a: Scizor|88\/100|[from] Stealth Rock
|move|p1a: Nihilego|Power Gem|p2a: Scizor
|-damage|p2a: Scizor|38\/100
|
|upkeep
|turn|4


|inactive|Time left: 150 sec this turn | 220 sec total


|inactive|Battle timer is ON: inactive players will automatically lose when time's up. (requested by r\/stunfisk testing)



|
|switch|p1a: Zapdos|Zapdos|383\/383
|-mega|p2a: Scizor|Scizor|Scizorite
|detailschange|p2a: Scizor|Scizor-Mega, M
|move|p2a: Scizor|Defog|p1a: Zapdos
|-unboost|p1a: Zapdos|evasion|1
|-sideend|p2: Eon lights|Stealth Rock|[from] move: Defog|[of] p2a: Scizor
|
|upkeep
|turn|5


|inactive|Time left: 150 sec this turn | 225 sec total


|inactive|r\/stunfisk testing has 135 seconds left.



|
|switch|p2a: Chansey|Chansey, F|100\/100
|move|p1a: Zapdos|Heat Wave|p2a: Chansey
|-damage|p2a: Chansey|93\/100
|
|upkeep
|turn|6


|inactive|Time left: 150 sec this turn | 220 sec total


|
|switch|p1a: Ferrothorn|Ferrothorn, F|352\/352
|move|p2a: Chansey|Thunder Wave|p1a: Ferrothorn
|-status|p1a: Ferrothorn|par
|
|upkeep
|turn|7


|inactive|Time left: 150 sec this turn | 230 sec total


|
|switch|p2a: Scizor|Scizor-Mega, M|38\/100
|move|p1a: Ferrothorn|Thunder Wave|p2a: Scizor
|-status|p2a: Scizor|par
|
|upkeep
|turn|8


|inactive|Time left: 150 sec this turn | 240 sec total


|
|switch|p1a: Zapdos|Zapdos|383\/383
|cant|p2a: Scizor|par
|
|upkeep
|turn|9


|inactive|Time left: 150 sec this turn | 240 sec total


|
|switch|p2a: Chansey|Chansey, F|93\/100
|move|p1a: Zapdos|Heat Wave|p2a: Chansey
|-damage|p2a: Chansey|84\/100
|
|upkeep
|turn|10


|inactive|Time left: 150 sec this turn | 245 sec total


|
|switch|p1a: Scizor|Scizor, M|344\/344
|move|p2a: Chansey|Stealth Rock|p1a: Scizor
|-sidestart|p1: r\/stunfisk testing|move: Stealth Rock
|
|upkeep
|turn|11


|inactive|Time left: 150 sec this turn | 255 sec total


|
|switch|p1a: Ferrothorn|Ferrothorn, F|352\/352 par
|-damage|p1a: Ferrothorn|330\/352 par|[from] Stealth Rock
|switch|p2a: Volcarona|Volcarona, F|100\/100
|
|-heal|p1a: Ferrothorn|352\/352 par|[from] item: Leftovers
|upkeep
|turn|12


|inactive|Time left: 150 sec this turn | 255 sec total


|
|switch|p1a: Nihilego|Nihilego|297\/360
|-damage|p1a: Nihilego|252\/360|[from] Stealth Rock
|move|p2a: Volcarona|Fiery Dance|p1a: Nihilego
|-resisted|p1a: Nihilego
|-damage|p1a: Nihilego|185\/360
|
|upkeep
|turn|13


|inactive|Time left: 150 sec this turn | 265 sec total


|
|switch|p2a: Chansey|Chansey, F|84\/100
|move|p1a: Nihilego|Power Gem|p2a: Chansey
|-damage|p2a: Chansey|72\/100
|
|upkeep
|turn|14


|inactive|Time left: 150 sec this turn | 275 sec total


|
|switch|p1a: Ferrothorn|Ferrothorn, F|352\/352 par
|-damage|p1a: Ferrothorn|330\/352 par|[from] Stealth Rock
|move|p2a: Chansey|Seismic Toss|p1a: Ferrothorn
|-damage|p1a: Ferrothorn|230\/352 par
|-damage|p2a: Chansey|60\/100|[from] ability: Iron Barbs|[of] p1a: Ferrothorn
|
|-heal|p1a: Ferrothorn|252\/352 par|[from] item: Leftovers
|upkeep
|turn|15


|inactive|Time left: 150 sec this turn | 280 sec total


|
|switch|p2a: Scizor|Scizor-Mega, M|38\/100 par
|move|p1a: Ferrothorn|Stealth Rock|p2a: Scizor
|-sidestart|p2: Eon lights|move: Stealth Rock
|
|-heal|p1a: Ferrothorn|274\/352 par|[from] item: Leftovers
|upkeep
|turn|16


|inactive|Time left: 150 sec this turn | 290 sec total


|
|switch|p1a: Greninja|Greninja, M|285\/285
|-damage|p1a: Greninja|250\/285|[from] Stealth Rock
|cant|p2a: Scizor|par
|
|upkeep
|turn|17


|inactive|Time left: 150 sec this turn | 295 sec total


|
|switch|p2a: Chansey|Chansey, F|60\/100
|-damage|p2a: Chansey|47\/100|[from] Stealth Rock
|move|p1a: Greninja|Spikes|p2a: Chansey
|-sidestart|p2: Eon lights|Spikes
|
|upkeep
|turn|18


|inactive|Time left: 150 sec this turn | 300 sec total


|
|switch|p1a: Zapdos|Zapdos|383\/383
|-damage|p1a: Zapdos|288\/383|[from] Stealth Rock
|switch|p2a: Scizor|Scizor-Mega, M|38\/100 par
|-damage|p2a: Scizor|25\/100 par|[from] Spikes
|-damage|p2a: Scizor|13\/100 par|[from] Stealth Rock
|
|-heal|p1a: Zapdos|311\/383|[from] item: Leftovers
|upkeep
|turn|19


|inactive|Time left: 150 sec this turn | 305 sec total


|
|cant|p2a: Scizor|par
|move|p1a: Zapdos|Heat Wave|p2a: Scizor
|-supereffective|p2a: Scizor
|-damage|p2a: Scizor|0 fnt
|faint|p2a: Scizor
|
|-heal|p1a: Zapdos|334\/383|[from] item: Leftovers
|upkeep


|inactive|Time left: 150 sec this turn | 310 sec total


|c|☆Eon lights|U suck



|c|☆r\/stunfisk testing|???



|c|☆Eon lights|perad like 5 time



|inactive|Eon lights has 135 seconds left.



|
|switch|p2a: Zygarde|Zygarde|100\/100
|-damage|p2a: Zygarde|88\/100|[from] Spikes
|-damage|p2a: Zygarde|82\/100|[from] Stealth Rock
|-ability|p2a: Zygarde|Aura Break
|turn|20


|inactive|Time left: 150 sec this turn | 320 sec total


|
|switch|p1a: Zygarde|Zygarde|358\/358
|-damage|p1a: Zygarde|336\/358|[from] Stealth Rock
|-ability|p1a: Zygarde|Aura Break
|move|p2a: Zygarde|Dragon Dance|p2a: Zygarde
|-boost|p2a: Zygarde|atk|1
|-boost|p2a: Zygarde|spe|1
|
|upkeep
|turn|21


|inactive|Time left: 150 sec this turn | 325 sec total


|c|☆Eon lights|Watch u say that’s not hax



|
|move|p2a: Zygarde|Protect|p2a: Zygarde
|-singleturn|p2a: Zygarde|Protect
|-zpower|p1a: Zygarde
|move|p1a: Zygarde|Devastating Drake|p2a: Zygarde|[zeffect]
|-supereffective|p2a: Zygarde
|-zbroken|p2a: Zygarde
|-damage|p2a: Zygarde|48\/100
|-enditem|p2a: Zygarde|Weakness Policy
|-boost|p2a: Zygarde|atk|2
|-boost|p2a: Zygarde|spa|2
|
|upkeep
|turn|22


|inactive|Time left: 150 sec this turn | 335 sec total


|
|move|p2a: Zygarde|Thousand Arrows|p1a: Zygarde
|-damage|p1a: Zygarde|59\/358
|move|p1a: Zygarde|Outrage|p2a: Zygarde
|-supereffective|p2a: Zygarde
|-damage|p2a: Zygarde|0 fnt
|faint|p2a: Zygarde
|
|upkeep


|inactive|Time left: 150 sec this turn | 345 sec total

|error|[Invalid choice] There's nothing to cancel


|
|switch|p2a: Magearna|Magearna|100\/100
|-damage|p2a: Magearna|95\/100|[from] Stealth Rock
|-damage|p2a: Magearna|82\/100|[from] Spikes
|turn|23


|inactive|Time left: 150 sec this turn | 355 sec total


|
|move|p1a: Zygarde|Outrage|p2a: Magearna|[from]lockedmove
|-immune|p2a: Magearna|[msg]
|move|p2a: Magearna|Shift Gear|p2a: Magearna
|-boost|p2a: Magearna|spe|2
|-boost|p2a: Magearna|atk|1
|
|-heal|p2a: Magearna|88\/100|[from] item: Leftovers
|upkeep
|turn|24


|inactive|Time left: 150 sec this turn | 365 sec total


|
|switch|p1a: Ferrothorn|Ferrothorn, F|274\/352 par
|-damage|p1a: Ferrothorn|252\/352 par|[from] Stealth Rock
|move|p2a: Magearna|Ice Beam|p1a: Ferrothorn
|-damage|p1a: Ferrothorn|170\/352 par
|
|-heal|p2a: Magearna|94\/100|[from] item: Leftovers
|-heal|p1a: Ferrothorn|192\/352 par|[from] item: Leftovers
|upkeep
|turn|25


|inactive|Time left: 150 sec this turn | 375 sec total


|
|move|p2a: Magearna|Calm Mind|p2a: Magearna
|-boost|p2a: Magearna|spa|1
|-boost|p2a: Magearna|spd|1
|move|p1a: Ferrothorn|Thunder Wave|p2a: Magearna
|-status|p2a: Magearna|par
|
|-heal|p2a: Magearna|99\/100 par|[from] item: Leftovers
|-heal|p1a: Ferrothorn|214\/352 par|[from] item: Leftovers
|upkeep
|turn|26


|inactive|Time left: 150 sec this turn | 380 sec total


|
|move|p2a: Magearna|Shift Gear|p2a: Magearna
|-boost|p2a: Magearna|spe|2
|-boost|p2a: Magearna|atk|1
|move|p1a: Ferrothorn|Leech Seed|p2a: Magearna
|-start|p2a: Magearna|move: Leech Seed
|
|-heal|p2a: Magearna|100\/100 par|[from] item: Leftovers
|-heal|p1a: Ferrothorn|236\/352 par|[from] item: Leftovers
|-damage|p2a: Magearna|88\/100 par|[from] Leech Seed|[of] p1a: Ferrothorn
|-heal|p1a: Ferrothorn|273\/352 par|[silent]
|upkeep
|turn|27


|inactive|Time left: 150 sec this turn | 390 sec total


|
|move|p2a: Magearna|Ice Beam|p1a: Ferrothorn
|-damage|p1a: Ferrothorn|148\/352 par
|cant|p1a: Ferrothorn|par
|
|-heal|p2a: Magearna|94\/100 par|[from] item: Leftovers
|-heal|p1a: Ferrothorn|170\/352 par|[from] item: Leftovers
|-damage|p2a: Magearna|82\/100 par|[from] Leech Seed|[of] p1a: Ferrothorn
|-heal|p1a: Ferrothorn|207\/352 par|[silent]
|upkeep
|turn|28


|inactive|Time left: 150 sec this turn | 395 sec total


|
|cant|p2a: Magearna|par
|move|p1a: Ferrothorn|Power Whip|p2a: Magearna
|-resisted|p2a: Magearna
|-damage|p2a: Magearna|61\/100 par
|
|-heal|p2a: Magearna|67\/100 par|[from] item: Leftovers
|-heal|p1a: Ferrothorn|229\/352 par|[from] item: Leftovers
|-damage|p2a: Magearna|54\/100 par|[from] Leech Seed|[of] p1a: Ferrothorn
|-heal|p1a: Ferrothorn|266\/352 par|[silent]
|upkeep
|turn|29


|inactive|Time left: 150 sec this turn | 400 sec total


|
|switch|p2a: Greninja|Greninja, M|100\/100
|-damage|p2a: Greninja|88\/100|[from] Stealth Rock
|-damage|p2a: Greninja|76\/100|[from] Spikes
|move|p1a: Ferrothorn|Power Whip|p2a: Greninja|[miss]
|-miss|p1a: Ferrothorn|p2a: Greninja
|
|-heal|p1a: Ferrothorn|288\/352 par|[from] item: Leftovers
|upkeep
|turn|30


|inactive|Time left: 150 sec this turn | 410 sec total


|c|☆r\/stunfisk testing|you fool



|inactive|r\/stunfisk testing has 135 seconds left.



|
|switch|p1a: Greninja|Greninja, M|250\/285
|-damage|p1a: Greninja|215\/285|[from] Stealth Rock
|move|p2a: Greninja|Spikes|p1a: Greninja
|-start|p2a: Greninja|typechange|Ground|[from] Protean
|-sidestart|p1: r\/stunfisk testing|Spikes
|
|upkeep
|turn|31


|inactive|Time left: 150 sec this turn | 405 sec total


|c|☆Eon lights|Stfu



|c|☆Eon lights|Haxee



|c|☆Eon lights|haxer



|inactive|Eon lights has 135 seconds left.



|
|move|p2a: Greninja|Spikes|p1a: Greninja
|-sidestart|p1: r\/stunfisk testing|Spikes
|move|p1a: Greninja|Hydro Pump|p2a: Greninja
|-supereffective|p2a: Greninja
|-damage|p2a: Greninja|0 fnt
|faint|p2a: Greninja
|-activate|p1a: Greninja|ability: Battle Bond
|detailschange|p1a: Greninja|Greninja-Ash, M
|
|upkeep


|inactive|Time left: 150 sec this turn | 405 sec total


|
|switch|p2a: Chansey|Chansey, F|47\/100
|-damage|p2a: Chansey|35\/100|[from] Stealth Rock
|-damage|p2a: Chansey|23\/100|[from] Spikes
|turn|32


|inactive|Time left: 150 sec this turn | 415 sec total


|inactive|r\/stunfisk testing has 135 seconds left.



|
|move|p1a: Greninja|Hydro Pump|p2a: Chansey
|-damage|p2a: Chansey|0 fnt
|faint|p2a: Chansey
|
|upkeep


|inactive|Time left: 150 sec this turn | 410 sec total


|-message|Eon lights forfeited.



|
|win|r\/stunfisk testing


|inactive|Time left: 150 sec this turn | 420 sec total

||Ladder updating...


|l|☆Eon lights

</script>
</div>
<div class="battle-log battle-log-inline"><div class="inner"><div class="chat"><small>☆r/stunfisk testing joined.</small></div><div class="chat"><small>☆Eon lights joined.</small></div><div style="padding:5px 0"><small>Format:</small> <br><strong>[Gen 7] OU</strong></div><div class="rated"><strong>Rated battle</strong></div><div><small><em>Sleep Clause Mod:</em> Limit one foe put to sleep</small></div><div><small><em>Species Clause:</em> Limit one of each Pokémon</small></div><div><small><em>OHKO Clause:</em> OHKO moves are banned</small></div><div><small><em>Moody Clause:</em> Moody is banned</small></div><div><small><em>Evasion Moves Clause:</em> Evasion moves are banned</small></div><div><small><em>Endless Battle Clause:</em> Forcing endless battles is banned</small></div><div><small><em>HP Percentage Mod:</em> HP is shown in percentages</small></div><div class="chat"><strong>r/stunfisk testing's team:</strong> <em style="color:#445566;display:block;">Zapdos / Zygarde / Greninja / Nihilego / Ferrothorn / Scizor</em></div><div class="chat"><strong>Eon lights's team:</strong> <em style="color:#445566;display:block;">Greninja / Volcarona / Zygarde / Magearna / Scizor / Chansey</em></div><div>Battle between r/stunfisk testing and Eon lights started!</div><div class="spacer battle-history"></div><div class="battle-history">Go! Ferrothorn!</div><div class="spacer battle-history"></div><div class="battle-history">Eon lights sent out Chansey!</div><h2 class="battle-history">Turn 1</h2><div class="spacer battle-history"></div><div class="battle-history">Eon lights withdrew Chansey!</div><div class="battle-history">Eon lights sent out Volcarona!</div><div class="spacer battle-history"></div><div class="battle-history"><span class="battle-nickname" title="Ferrothorn">Ferrothorn</span> used <strong>Stealth Rock</strong>!</div><div class="battle-history"><small>Pointed stones float in the air around the opposing team!</small></div><h2 class="battle-history">Turn 2</h2><div class="spacer battle-history"></div><div class="battle-history"><span class="battle-nickname" title="Ferrothorn">Ferrothorn</span>, come back!</div><div class="battle-history">Go! Nihilego!</div><div class="spacer battle-history"></div><div class="battle-history">The opposing <span class="battle-nickname-foe" title="Volcarona">Volcarona</span> used <strong>Fiery Dance</strong>!</div><div class="battle-history"><small>It's not very effective... <br></small><small><span class="battle-nickname" title="Nihilego">Nihilego</span> lost <abbr title="−63/360">17.5%</abbr> of its health!</small><br></div><div class="battle-history"><small>The opposing <span class="battle-nickname-foe" title="Volcarona">Volcarona</span>'s Special Attack rose! </small></div><h2 class="battle-history">Turn 3</h2><div class="spacer battle-history"></div><div class="battle-history">Eon lights withdrew Volcarona!</div><div class="battle-history">Eon lights sent out Scizor!</div><div class="battle-history"><small>Pointed stones dug into the opposing <span class="battle-nickname-foe" title="Scizor">Scizor</span>! </small></div><div class="spacer battle-history"></div><div class="battle-history"><span class="battle-nickname" title="Nihilego">Nihilego</span> used <strong>Power Gem</strong>!</div><div class="battle-history"><small>The opposing <span class="battle-nickname-foe" title="Scizor">Scizor</span> lost 50% of its health!</small><br></div><h2 class="battle-history">Turn 4</h2><div class="chat message-error">Battle timer is ON: inactive players will automatically lose when time's up. (requested by r/stunfisk testing)</div><div class="spacer battle-history"></div><div class="battle-history"><span class="battle-nickname" title="Nihilego">Nihilego</span>, come back!</div><div class="battle-history">Go! Zapdos!</div><div class="battle-history"><small>The opposing <span class="battle-nickname-foe" title="Scizor">Scizor</span>'s Scizorite is reacting to the Key Stone!<br>The opposing <span class="battle-nickname-foe" title="Scizor">Scizor</span> has Mega Evolved into Mega Scizor!</small></div><div class="spacer battle-history"></div><div class="battle-history">The opposing <span class="battle-nickname-foe" title="Scizor-Mega">Scizor</span> used <strong>Defog</strong>!</div><div class="battle-history"><small><span class="battle-nickname" title="Zapdos">Zapdos</span>'s evasiveness fell! </small></div><div class="battle-history"><small>The pointed stones disappeared from around the opposing team!</small></div><h2 class="battle-history">Turn 5</h2><div class="chat message-error">r/stunfisk testing has 135 seconds left.</div><div class="spacer battle-history"></div><div class="battle-history">Eon lights withdrew <span class="battle-nickname-foe" title="Scizor-Mega">Scizor <small>(Scizor-Mega)</small></span>!</div><div class="battle-history">Eon lights sent out Chansey!</div><div class="spacer battle-history"></div><div class="battle-history"><span class="battle-nickname" title="Zapdos">Zapdos</span> used <strong>Heat Wave</strong>!</div><div class="battle-history"><small>The opposing <span class="battle-nickname-foe" title="Chansey">Chansey</span> lost 7% of its health!</small><br></div><h2 class="battle-history">Turn 6</h2><div class="spacer battle-history"></div><div class="battle-history"><span class="battle-nickname" title="Zapdos">Zapdos</span>, come back!</div><div class="battle-history">Go! Ferrothorn!</div><div class="spacer battle-history"></div><div class="battle-history">The opposing <span class="battle-nickname-foe" title="Chansey">Chansey</span> used <strong>Thunder Wave</strong>!</div><div class="battle-history"><small><span class="battle-nickname" title="Ferrothorn">Ferrothorn</span> is paralyzed! It may be unable to move!</small></div><h2 class="battle-history">Turn 7</h2><div class="spacer battle-history"></div><div class="battle-history">Eon lights withdrew Chansey!</div><div class="battle-history">Eon lights sent out <span class="battle-nickname-foe" title="Scizor-Mega">Scizor <small>(Scizor-Mega)</small></span>!</div><div class="spacer battle-history"></div><div class="battle-history"><span class="battle-nickname" title="Ferrothorn">Ferrothorn</span> used <strong>Thunder Wave</strong>!</div><div class="battle-history"><small>The opposing <span class="battle-nickname-foe" title="Scizor-Mega">Scizor</span> is paralyzed! It may be unable to move!</small></div><h2 class="battle-history">Turn 8</h2><div class="spacer battle-history"></div><div class="battle-history"><span class="battle-nickname" title="Ferrothorn">Ferrothorn</span>, come back!</div><div class="battle-history">Go! Zapdos!</div><div class="spacer battle-history"></div><div class="battle-history">The opposing <span class="battle-nickname-foe" title="Scizor-Mega">Scizor</span> is paralyzed! It can't move!</div><h2 class="battle-history">Turn 9</h2><div class="spacer battle-history"></div><div class="battle-history">Eon lights withdrew <span class="battle-nickname-foe" title="Scizor-Mega">Scizor <small>(Scizor-Mega)</small></span>!</div><div class="battle-history">Eon lights sent out Chansey!</div><div class="spacer battle-history"></div><div class="battle-history"><span class="battle-nickname" title="Zapdos">Zapdos</span> used <strong>Heat Wave</strong>!</div><div class="battle-history"><small>The opposing <span class="battle-nickname-foe" title="Chansey">Chansey</span> lost 9% of its health!</small><br></div><h2 class="battle-history">Turn 10</h2><div class="spacer battle-history"></div><div class="battle-history"><span class="battle-nickname" title="Zapdos">Zapdos</span>, come back!</div><div class="battle-history">Go! Scizor!</div><div class="spacer battle-history"></div><div class="battle-history">The opposing <span class="battle-nickname-foe" title="Chansey">Chansey</span> used <strong>Stealth Rock</strong>!</div><div class="battle-history"><small>Pointed stones float in the air around your team!</small></div><h2 class="battle-history">Turn 11</h2><div class="spacer battle-history"></div><div class="battle-history"><span class="battle-nickname" title="Scizor">Scizor</span>, come back!</div><div class="battle-history">Go! Ferrothorn!</div><div class="battle-history"><small>Pointed stones dug into <span class="battle-nickname" title="Ferrothorn">Ferrothorn</span>! </small></div><div class="spacer battle-history"></div><div class="battle-history">Eon lights withdrew Chansey!</div><div class="battle-history">Eon lights sent out Volcarona!</div><div class="spacer battle-history"></div><div class="battle-history"><small><span class="battle-nickname" title="Ferrothorn">Ferrothorn</span> restored a little HP using its Leftovers!</small></div><h2 class="battle-history">Turn 12</h2><div class="spacer battle-history"></div><div class="battle-history"><span class="battle-nickname" title="Ferrothorn">Ferrothorn</span>, come back!</div><div class="battle-history">Go! Nihilego!</div><div class="battle-history"><small>Pointed stones dug into <span class="battle-nickname" title="Nihilego">Nihilego</span>! </small></div><div class="spacer battle-history"></div><div class="battle-history">The opposing <span class="battle-nickname-foe" title="Volcarona">Volcarona</span> used <strong>Fiery Dance</strong>!</div><div class="battle-history"><small>It's not very effective... <br></small><small><span class="battle-nickname" title="Nihilego">Nihilego</span> lost <abbr title="−66/360">18.3%</abbr> of its health!</small><br></div><h2 class="battle-history">Turn 13</h2><div class="spacer battle-history"></div><div class="battle-history">Eon lights withdrew Volcarona!</div><div class="battle-history">Eon lights sent out Chansey!</div><div class="spacer battle-history"></div><div class="battle-history"><span class="battle-nickname" title="Nihilego">Nihilego</span> used <strong>Power Gem</strong>!</div><div class="battle-history"><small>The opposing <span class="battle-nickname-foe" title="Chansey">Chansey</span> lost 12% of its health!</small><br></div><h2 class="battle-history">Turn 14</h2><div class="spacer battle-history"></div><div class="battle-history"><span class="battle-nickname" title="Nihilego">Nihilego</span>, come back!</div><div class="battle-history">Go! Ferrothorn!</div><div class="battle-history"><small>Pointed stones dug into <span class="battle-nickname" title="Ferrothorn">Ferrothorn</span>! </small></div><div class="spacer battle-history"></div><div class="battle-history">The opposing <span class="battle-nickname-foe" title="Chansey">Chansey</span> used <strong>Seismic Toss</strong>!</div><div class="battle-history"><small><span class="battle-nickname" title="Ferrothorn">Ferrothorn</span> lost <abbr title="−100/352">28.4%</abbr> of its health!</small><br></div><div class="battle-history"><small>[<span class="battle-nickname" title="Ferrothorn">Ferrothorn</span>'s Iron Barbs!]</small></div><div class="battle-history"><small>The opposing <span class="battle-nickname-foe" title="Chansey">Chansey</span> was hurt! </small></div><div class="spacer battle-history"></div><div class="battle-history"><small><span class="battle-nickname" title="Ferrothorn">Ferrothorn</span> restored a little HP using its Leftovers!</small></div><h2 class="battle-history">Turn 15</h2><div class="spacer battle-history"></div><div class="battle-history">Eon lights withdrew Chansey!</div><div class="battle-history">Eon lights sent out <span class="battle-nickname-foe" title="Scizor-Mega">Scizor <small>(Scizor-Mega)</small></span>!</div><div class="spacer battle-history"></div><div class="battle-history"><span class="battle-nickname" title="Ferrothorn">Ferrothorn</span> used <strong>Stealth Rock</strong>!</div><div class="battle-history"><small>Pointed stones float in the air around the opposing team!</small></div><div class="spacer battle-history"></div><div class="battle-history"><small><span class="battle-nickname" title="Ferrothorn">Ferrothorn</span> restored a little HP using its Leftovers!</small></div><h2 class="battle-history">Turn 16</h2><div class="spacer battle-history"></div><div class="battle-history"><span class="battle-nickname" title="Ferrothorn">Ferrothorn</span>, come back!</div><div class="battle-history">Go! Greninja!</div><div class="battle-history"><small>Pointed stones dug into <span class="battle-nickname" title="Greninja">Greninja</span>! </small></div><div class="spacer battle-history"></div><div class="battle-history">The opposing <span class="battle-nickname-foe" title="Scizor-Mega">Scizor</span> is paralyzed! It can't move!</div><h2 class="battle-history">Turn 17</h2><div class="spacer battle-history"></div><div class="battle-history">Eon lights withdrew <span class="battle-nickname-foe" title="Scizor-Mega">Scizor <small>(Scizor-Mega)</small></span>!</div><div class="battle-history">Eon lights sent out Chansey!</div><div class="battle-history"><small>Pointed stones dug into the opposing <span class="battle-nickname-foe" title="Chansey">Chansey</span>! </small></div><div class="spacer battle-history"></div><div class="battle-history"><span class="battle-nickname" title="Greninja">Greninja</span> used <strong>Spikes</strong>!</div><div class="battle-history"><small>Spikes were scattered on the ground all around the opposing team!</small></div><h2 class="battle-history">Turn 18</h2><div class="spacer battle-history"></div><div class="battle-history"><span class="battle-nickname" title="Greninja">Greninja</span>, come back!</div><div class="battle-history">Go! Zapdos!</div><div class="battle-history"><small>Pointed stones dug into <span class="battle-nickname" title="Zapdos">Zapdos</span>! </small></div><div class="spacer battle-history"></div><div class="battle-history">Eon lights withdrew Chansey!</div><div class="battle-history">Eon lights sent out <span class="battle-nickname-foe" title="Scizor-Mega">Scizor <small>(Scizor-Mega)</small></span>!</div><div class="battle-history"><small>The opposing <span class="battle-nickname-foe" title="Scizor-Mega">Scizor</span> is hurt by the spikes! </small></div><div class="battle-history"><small>Pointed stones dug into the opposing <span class="battle-nickname-foe" title="Scizor-Mega">Scizor</span>! </small></div><div class="spacer battle-history"></div><div class="battle-history"><small><span class="battle-nickname" title="Zapdos">Zapdos</span> restored a little HP using its Leftovers!</small></div><h2 class="battle-history">Turn 19</h2><div class="spacer battle-history"></div><div class="battle-history">The opposing <span class="battle-nickname-foe" title="Scizor-Mega">Scizor</span> is paralyzed! It can't move!</div><div class="spacer battle-history"></div><div class="battle-history"><span class="battle-nickname" title="Zapdos">Zapdos</span> used <strong>Heat Wave</strong>!</div><div class="battle-history"><small>It's super effective! <br></small><small>The opposing <span class="battle-nickname-foe" title="Scizor-Mega">Scizor</span> lost 13% of its health!</small><br></div><div class="spacer battle-history"></div><div class="battle-history">The opposing <span class="battle-nickname-foe" title="Scizor-Mega">Scizor</span> fainted!</div><div class="spacer battle-history"></div><div class="battle-history"><small><span class="battle-nickname" title="Zapdos">Zapdos</span> restored a little HP using its Leftovers!</small></div><div class="chat chatmessage-eonlights"><strong style="color:hsl(244,48%,63.50625997913434%);"><small>☆</small><span class="username" data-name="Eon lights">Eon lights</span>:</strong> <em>U suck</em></div><div class="chat chatmessage-rstunfisktesting mine"><strong style="color:hsl(357,46%,52.01708618185848%);"><small>☆</small><span class="username" data-name="r/stunfisk testing">r/stunfisk testing</span>:</strong> <em>???</em></div><div class="chat chatmessage-eonlights"><strong style="color:hsl(244,48%,63.50625997913434%);"><small>☆</small><span class="username" data-name="Eon lights">Eon lights</span>:</strong> <em>perad like 5 time</em></div><div class="chat message-error">Eon lights has 135 seconds left.</div><div class="spacer battle-history"></div><div class="battle-history">Eon lights sent out Zygarde!</div><div class="battle-history"><small>The opposing <span class="battle-nickname-foe" title="Zygarde">Zygarde</span> is hurt by the spikes! </small></div><div class="battle-history"><small>Pointed stones dug into the opposing <span class="battle-nickname-foe" title="Zygarde">Zygarde</span>! </small></div><div class="battle-history"><small>[Opposing <span class="battle-nickname-foe" title="Zygarde">Zygarde</span>'s Aura Break!]</small></div><div class="battle-history"><small>The opposing <span class="battle-nickname-foe" title="Zygarde">Zygarde</span> reversed all other Pokémon's auras!</small></div><h2 class="battle-history">Turn 20</h2><div class="spacer battle-history"></div><div class="battle-history"><span class="battle-nickname" title="Zapdos">Zapdos</span>, come back!</div><div class="battle-history">Go! Zygarde!</div><div class="battle-history"><small>Pointed stones dug into <span class="battle-nickname" title="Zygarde">Zygarde</span>! </small></div><div class="battle-history"><small>[<span class="battle-nickname" title="Zygarde">Zygarde</span>'s Aura Break!]</small></div><div class="battle-history"><small><span class="battle-nickname" title="Zygarde">Zygarde</span> reversed all other Pokémon's auras!</small></div><div class="spacer battle-history"></div><div class="battle-history">The opposing <span class="battle-nickname-foe" title="Zygarde">Zygarde</span> used <strong>Dragon Dance</strong>!</div><div class="battle-history"><small>The opposing <span class="battle-nickname-foe" title="Zygarde">Zygarde</span>'s Attack rose! <br>The opposing <span class="battle-nickname-foe" title="Zygarde">Zygarde</span>'s Speed rose! </small></div><h2 class="battle-history">Turn 21</h2><div class="chat chatmessage-eonlights"><strong style="color:hsl(244,48%,63.50625997913434%);"><small>☆</small><span class="username" data-name="Eon lights">Eon lights</span>:</strong> <em>Watch u say that’s not hax</em></div><div class="spacer battle-history"></div><div class="battle-history">The opposing <span class="battle-nickname-foe" title="Zygarde">Zygarde</span> used <strong>Protect</strong>!</div><div class="battle-history"><small>The opposing <span class="battle-nickname-foe" title="Zygarde">Zygarde</span> protected itself!</small></div><div class="spacer battle-history"></div><div class="battle-history"><small><span class="battle-nickname" title="Zygarde">Zygarde</span> surrounded itself with its Z-Power! </small></div><div class="battle-history"><small><span class="battle-nickname" title="Zygarde">Zygarde</span> unleashes its full-force Z-Move!</small></div><div class="battle-history"><span class="battle-nickname" title="Zygarde">Zygarde</span> used <strong>Devastating Drake</strong>!</div><div class="battle-history"><small>It's super effective! <br>The opposing <span class="battle-nickname-foe" title="Zygarde">Zygarde</span> couldn't fully protect itself and got hurt!</small></div><div class="battle-history"><small>The opposing <span class="battle-nickname-foe" title="Zygarde">Zygarde</span> lost 34% of its health!</small><br></div><div class="battle-history"><small>The opposing <span class="battle-nickname-foe" title="Zygarde">Zygarde</span>'s Weakness Policy activated!</small></div><div class="battle-history"><small>The opposing <span class="battle-nickname-foe" title="Zygarde">Zygarde</span>'s Attack rose sharply! <br>The opposing <span class="battle-nickname-foe" title="Zygarde">Zygarde</span>'s Special Attack rose sharply! </small></div><h2 class="battle-history">Turn 22</h2><div class="spacer battle-history"></div><div class="battle-history">The opposing <span class="battle-nickname-foe" title="Zygarde">Zygarde</span> used <strong>Thousand Arrows</strong>!</div><div class="battle-history"><small><span class="battle-nickname" title="Zygarde">Zygarde</span> lost <abbr title="−277/358">77.4%</abbr> of its health!</small><br></div><div class="spacer battle-history"></div><div class="battle-history"><span class="battle-nickname" title="Zygarde">Zygarde</span> used <strong>Outrage</strong>!</div><div class="battle-history"><small>It's super effective! <br></small><small>The opposing <span class="battle-nickname-foe" title="Zygarde">Zygarde</span> lost 48% of its health!</small><br></div><div class="spacer battle-history"></div><div class="battle-history">The opposing <span class="battle-nickname-foe" title="Zygarde">Zygarde</span> fainted!</div><div class="chat message-error">[Invalid choice] There's nothing to cancel</div><div class="spacer battle-history"></div><div class="battle-history">Eon lights sent out Magearna!</div><div class="battle-history"><small>Pointed stones dug into the opposing <span class="battle-nickname-foe" title="Magearna">Magearna</span>! </small></div><div class="battle-history"><small>The opposing <span class="battle-nickname-foe" title="Magearna">Magearna</span> is hurt by the spikes! </small></div><h2 class="battle-history">Turn 23</h2><div class="spacer battle-history"></div><div class="battle-history"><span class="battle-nickname" title="Zygarde">Zygarde</span> used <strong>Outrage</strong>!</div><div class="battle-history"><small>It doesn't affect the opposing <span class="battle-nickname-foe" title="Magearna">Magearna</span>... </small></div><div class="spacer battle-history"></div><div class="battle-history">The opposing <span class="battle-nickname-foe" title="Magearna">Magearna</span> used <strong>Shift Gear</strong>!</div><div class="battle-history"><small>The opposing <span class="battle-nickname-foe" title="Magearna">Magearna</span>'s Speed rose sharply! <br>The opposing <span class="battle-nickname-foe" title="Magearna">Magearna</span>'s Attack rose! </small></div><div class="spacer battle-history"></div><div class="battle-history"><small>The opposing <span class="battle-nickname-foe" title="Magearna">Magearna</span> restored a little HP using its Leftovers!</small></div><h2 class="battle-history">Turn 24</h2><div class="spacer battle-history"></div><div class="battle-history"><span class="battle-nickname" title="Zygarde">Zygarde</span>, come back!</div><div class="battle-history">Go! Ferrothorn!</div><div class="battle-history"><small>Pointed stones dug into <span class="battle-nickname" title="Ferrothorn">Ferrothorn</span>! </small></div><div class="spacer battle-history"></div><div class="battle-history">The opposing <span class="battle-nickname-foe" title="Magearna">Magearna</span> used <strong>Ice Beam</strong>!</div><div class="battle-history"><small><span class="battle-nickname" title="Ferrothorn">Ferrothorn</span> lost <abbr title="−82/352">23.3%</abbr> of its health!</small><br></div><div class="spacer battle-history"></div><div class="battle-history"><small>The opposing <span class="battle-nickname-foe" title="Magearna">Magearna</span> restored a little HP using its Leftovers!</small></div><div class="battle-history"><small><span class="battle-nickname" title="Ferrothorn">Ferrothorn</span> restored a little HP using its Leftovers!</small></div><h2 class="battle-history">Turn 25</h2><div class="spacer battle-history"></div><div class="battle-history">The opposing <span class="battle-nickname-foe" title="Magearna">Magearna</span> used <strong>Calm Mind</strong>!</div><div class="battle-history"><small>The opposing <span class="battle-nickname-foe" title="Magearna">Magearna</span>'s Special Attack rose! <br>The opposing <span class="battle-nickname-foe" title="Magearna">Magearna</span>'s Special Defense rose! </small></div><div class="spacer battle-history"></div><div class="battle-history"><span class="battle-nickname" title="Ferrothorn">Ferrothorn</span> used <strong>Thunder Wave</strong>!</div><div class="battle-history"><small>The opposing <span class="battle-nickname-foe" title="Magearna">Magearna</span> is paralyzed! It may be unable to move!</small></div><div class="spacer battle-history"></div><div class="battle-history"><small>The opposing <span class="battle-nickname-foe" title="Magearna">Magearna</span> restored a little HP using its Leftovers!</small></div><div class="battle-history"><small><span class="battle-nickname" title="Ferrothorn">Ferrothorn</span> restored a little HP using its Leftovers!</small></div><h2 class="battle-history">Turn 26</h2><div class="spacer battle-history"></div><div class="battle-history">The opposing <span class="battle-nickname-foe" title="Magearna">Magearna</span> used <strong>Shift Gear</strong>!</div><div class="battle-history"><small>The opposing <span class="battle-nickname-foe" title="Magearna">Magearna</span>'s Speed rose sharply! <br>The opposing <span class="battle-nickname-foe" title="Magearna">Magearna</span>'s Attack rose! </small></div><div class="spacer battle-history"></div><div class="battle-history"><span class="battle-nickname" title="Ferrothorn">Ferrothorn</span> used <strong>Leech Seed</strong>!</div><div class="battle-history"><small>The opposing <span class="battle-nickname-foe" title="Magearna">Magearna</span> was seeded!</small></div><div class="spacer battle-history"></div><div class="battle-history"><small>The opposing <span class="battle-nickname-foe" title="Magearna">Magearna</span> restored a little HP using its Leftovers!</small></div><div class="battle-history"><small><span class="battle-nickname" title="Ferrothorn">Ferrothorn</span> restored a little HP using its Leftovers!</small></div><div class="battle-history"><small>The opposing <span class="battle-nickname-foe" title="Magearna">Magearna</span>'s health is sapped by Leech Seed! </small></div><h2 class="battle-history">Turn 27</h2><div class="spacer battle-history"></div><div class="battle-history">The opposing <span class="battle-nickname-foe" title="Magearna">Magearna</span> used <strong>Ice Beam</strong>!</div><div class="battle-history"><small><span class="battle-nickname" title="Ferrothorn">Ferrothorn</span> lost <abbr title="−125/352">35.5%</abbr> of its health!</small><br></div><div class="spacer battle-history"></div><div class="battle-history"><span class="battle-nickname" title="Ferrothorn">Ferrothorn</span> is paralyzed! It can't move!</div><div class="spacer battle-history"></div><div class="battle-history"><small>The opposing <span class="battle-nickname-foe" title="Magearna">Magearna</span> restored a little HP using its Leftovers!</small></div><div class="battle-history"><small><span class="battle-nickname" title="Ferrothorn">Ferrothorn</span> restored a little HP using its Leftovers!</small></div><div class="battle-history"><small>The opposing <span class="battle-nickname-foe" title="Magearna">Magearna</span>'s health is sapped by Leech Seed! </small></div><h2 class="battle-history">Turn 28</h2><div class="spacer battle-history"></div><div class="battle-history">The opposing <span class="battle-nickname-foe" title="Magearna">Magearna</span> is paralyzed! It can't move!</div><div class="spacer battle-history"></div><div class="battle-history"><span class="battle-nickname" title="Ferrothorn">Ferrothorn</span> used <strong>Power Whip</strong>!</div><div class="battle-history"><small>It's not very effective... <br></small><small>The opposing <span class="battle-nickname-foe" title="Magearna">Magearna</span> lost 21% of its health!</small><br></div><div class="spacer battle-history"></div><div class="battle-history"><small>The opposing <span class="battle-nickname-foe" title="Magearna">Magearna</span> restored a little HP using its Leftovers!</small></div><div class="battle-history"><small><span class="battle-nickname" title="Ferrothorn">Ferrothorn</span> restored a little HP using its Leftovers!</small></div><div class="battle-history"><small>The opposing <span class="battle-nickname-foe" title="Magearna">Magearna</span>'s health is sapped by Leech Seed! </small></div><h2 class="battle-history">Turn 29</h2><div class="spacer battle-history"></div><div class="battle-history">Eon lights withdrew Magearna!</div><div class="battle-history">Eon lights sent out Greninja!</div><div class="battle-history"><small>Pointed stones dug into the opposing <span class="battle-nickname-foe" title="Greninja">Greninja</span>! </small></div><div class="battle-history"><small>The opposing <span class="battle-nickname-foe" title="Greninja">Greninja</span> is hurt by the spikes! </small></div><div class="spacer battle-history"></div><div class="battle-history"><span class="battle-nickname" title="Ferrothorn">Ferrothorn</span> used <strong>Power Whip</strong>!</div><div class="battle-history"><small>The opposing <span class="battle-nickname-foe" title="Greninja">Greninja</span> avoided the attack!</small></div><div class="spacer battle-history"></div><div class="battle-history"><small><span class="battle-nickname" title="Ferrothorn">Ferrothorn</span> restored a little HP using its Leftovers!</small></div><h2 class="battle-history">Turn 30</h2><div class="chat chatmessage-rstunfisktesting mine"><strong style="color:hsl(357,46%,52.01708618185848%);"><small>☆</small><span class="username" data-name="r/stunfisk testing">r/stunfisk testing</span>:</strong> <em>you fool</em></div><div class="chat message-error">r/stunfisk testing has 135 seconds left.</div><div class="spacer battle-history"></div><div class="battle-history"><span class="battle-nickname" title="Ferrothorn">Ferrothorn</span>, come back!</div><div class="battle-history">Go! Greninja!</div><div class="battle-history"><small>Pointed stones dug into <span class="battle-nickname" title="Greninja">Greninja</span>! </small></div><div class="spacer battle-history"></div><div class="battle-history">The opposing <span class="battle-nickname-foe" title="Greninja">Greninja</span> used <strong>Spikes</strong>!</div><div class="spacer battle-history"></div><div class="battle-history"><small>[Opposing <span class="battle-nickname-foe" title="Greninja">Greninja</span>'s Protean!]</small></div><div class="battle-history"><small>The opposing <span class="battle-nickname-foe" title="Greninja">Greninja</span> transformed into the Ground type!</small></div><div class="battle-history"><small>Spikes were scattered on the ground all around your team!</small></div><h2 class="battle-history">Turn 31</h2><div class="chat chatmessage-eonlights"><strong style="color:hsl(244,48%,63.50625997913434%);"><small>☆</small><span class="username" data-name="Eon lights">Eon lights</span>:</strong> <em>Stfu</em></div><div class="chat chatmessage-eonlights"><strong style="color:hsl(244,48%,63.50625997913434%);"><small>☆</small><span class="username" data-name="Eon lights">Eon lights</span>:</strong> <em>Haxee</em></div><div class="chat chatmessage-eonlights"><strong style="color:hsl(244,48%,63.50625997913434%);"><small>☆</small><span class="username" data-name="Eon lights">Eon lights</span>:</strong> <em>haxer</em></div><div class="chat message-error">Eon lights has 135 seconds left.</div><div class="spacer battle-history"></div><div class="battle-history">The opposing <span class="battle-nickname-foe" title="Greninja">Greninja</span> used <strong>Spikes</strong>!</div><div class="battle-history"><small>Spikes were scattered on the ground all around your team!</small></div><div class="spacer battle-history"></div><div class="battle-history"><span class="battle-nickname" title="Greninja">Greninja</span> used <strong>Hydro Pump</strong>!</div><div class="battle-history"><small>It's super effective! <br></small><small>The opposing <span class="battle-nickname-foe" title="Greninja">Greninja</span> lost 76% of its health!</small><br></div><div class="spacer battle-history"></div><div class="battle-history">The opposing <span class="battle-nickname-foe" title="Greninja">Greninja</span> fainted!</div><div class="battle-history"><small>[<span class="battle-nickname" title="Greninja">Greninja</span>'s Battle Bond!]</small></div><div class="battle-history"><small><span class="battle-nickname" title="Greninja">Greninja</span> became fully charged due to its bond with its Trainer!</small></div><div class="battle-history"><span class="battle-nickname" title="Greninja-Ash">Greninja</span> became Ash-Greninja!</div><div class="spacer battle-history"></div><div class="battle-history">Eon lights sent out Chansey!</div><div class="battle-history"><small>Pointed stones dug into the opposing <span class="battle-nickname-foe" title="Chansey">Chansey</span>! </small></div><div class="battle-history"><small>The opposing <span class="battle-nickname-foe" title="Chansey">Chansey</span> is hurt by the spikes! </small></div><h2 class="battle-history">Turn 32</h2><div class="chat message-error">r/stunfisk testing has 135 seconds left.</div><div class="spacer battle-history"></div><div class="battle-history"><span class="battle-nickname" title="Greninja-Ash">Greninja</span> used <strong>Hydro Pump</strong>!</div><div class="battle-history"><small>The opposing <span class="battle-nickname-foe" title="Chansey">Chansey</span> lost 23% of its health!</small><br></div><div class="spacer battle-history"></div><div class="battle-history">The opposing <span class="battle-nickname-foe" title="Chansey">Chansey</span> fainted!</div><div class="spacer battle-history"></div><div class="battle-history"><small>Eon lights forfeited.</small></div><div class="spacer battle-history"></div><div class="battle-history">r/stunfisk testing won the battle!</div><div class="chat">Ladder updating...</div><div class="chat"><small>☆Eon lights left.</small></div></div></div>
</div>
<script>
var daily = Math.floor(Date.now()/1000/60/60/24);document.write('<script src="https://play.pokemonshowdown.com/js/replay-embed.js?version'+daily+'"></'+'script>');
</script>
