<!DOCTYPE html>
<meta charset="utf-8" />
<!-- version 1 -->
<title>[Gen 7] OU replay: thfhtvhvhvh vs. ajaymt</title>
<style>
html,body {font-family:Verdana, sans-serif;font-size:10pt;margin:0;padding:0;}body{padding:12px 0;} .battle-log {font-family:Verdana, sans-serif;font-size:10pt;} .battle-log-inline {border:1px solid #AAAAAA;background:#EEF2F5;color:black;max-width:640px;margin:0 auto 80px;padding-bottom:5px;} .battle-log .inner {padding:4px 8px 0px 8px;} .battle-log .inner-preempt {padding:0 8px 4px 8px;} .battle-log .inner-after {margin-top:0.5em;} .battle-log h2 {margin:0.5em -8px;padding:4px 8px;border:1px solid #AAAAAA;background:#E0E7EA;border-left:0;border-right:0;font-family:Verdana, sans-serif;font-size:13pt;} .battle-log .chat {vertical-align:middle;padding:3px 0 3px 0;font-size:8pt;} .battle-log .chat strong {color:#40576A;} .battle-log .chat em {padding:1px 4px 1px 3px;color:#000000;font-style:normal;} .chat.mine {background:rgba(0,0,0,0.05);margin-left:-8px;margin-right:-8px;padding-left:8px;padding-right:8px;} .spoiler {color:#BBBBBB;background:#BBBBBB;padding:0px 3px;} .spoiler:hover, .spoiler:active, .spoiler-shown {color:#000000;background:#E2E2E2;padding:0px 3px;} .spoiler a {color:#BBBBBB;} .spoiler:hover a, .spoiler:active a, .spoiler-shown a {color:#2288CC;} .chat code, .chat .spoiler:hover code, .chat .spoiler:active code, .chat .spoiler-shown code {border:1px solid #C0C0C0;background:#EEEEEE;color:black;padding:0 2px;} .chat .spoiler code {border:1px solid #CCCCCC;background:#CCCCCC;color:#CCCCCC;} .battle-log .rated {padding:3px 4px;} .battle-log .rated strong {color:white;background:#89A;padding:1px 4px;border-radius:4px;} .spacer {margin-top:0.5em;} .message-announce {background:#6688AA;color:white;padding:1px 4px 2px;} .message-announce a, .broadcast-green a, .broadcast-blue a, .broadcast-red a {color:#DDEEFF;} .broadcast-green {background-color:#559955;color:white;padding:2px 4px;} .broadcast-blue {background-color:#6688AA;color:white;padding:2px 4px;} .infobox {border:1px solid #6688AA;padding:2px 4px;} .infobox-limited {max-height:200px;overflow:auto;overflow-x:hidden;} .broadcast-red {background-color:#AA5544;color:white;padding:2px 4px;} .message-learn-canlearn {font-weight:bold;color:#228822;text-decoration:underline;} .message-learn-cannotlearn {font-weight:bold;color:#CC2222;text-decoration:underline;} .message-effect-weak {font-weight:bold;color:#CC2222;} .message-effect-resist {font-weight:bold;color:#6688AA;} .message-effect-immune {font-weight:bold;color:#666666;} .message-learn-list {margin-top:0;margin-bottom:0;} .message-throttle-notice, .message-error {color:#992222;} .message-overflow, .chat small.message-overflow {font-size:0pt;} .message-overflow::before {font-size:9pt;content:'...';} .subtle {color:#3A4A66;}
</style>
<div class="wrapper replay-wrapper" style="max-width:1180px;margin:0 auto">
<input type="hidden" name="replayid" value="gen7ou-740857641" />
<div class="battle"></div><div class="battle-log"></div><div class="replay-controls"></div><div class="replay-controls-2"></div>
<h1 style="font-weight:normal;text-align:center"><strong>[Gen 7] OU</strong><br /><a href="http://pokemonshowdown.com/users/thfhtvhvhvh" class="subtle" target="_blank">thfhtvhvhvh</a> vs. <a href="http://pokemonshowdown.com/users/ajaymt" class="subtle" target="_blank">ajaymt</a></h1>
<script type="text/plain" class="battle-log-data">|j|☆thfhtvhvhvh
|j|☆ajaymt


|player|p1|thfhtvhvhvh|178



|player|p2|ajaymt|70
|teamsize|p1|6
|teamsize|p2|6
|gametype|singles
|gen|7
|tier|[Gen 7] OU
|rated|
|seed|
|rule|Sleep Clause Mod: Limit one foe put to sleep
|rule|Species Clause: Limit one of each Pokémon
|rule|OHKO Clause: OHKO moves are banned
|rule|Moody Clause: Moody is banned
|rule|Evasion Moves Clause: Evasion moves are banned
|rule|Endless Battle Clause: Forcing endless battles is banned
|rule|HP Percentage Mod: HP is shown in percentages
|clearpoke
|poke|p1|Toxapex, M|item
|poke|p1|Sableye, F|item
|poke|p1|Chansey, F|item
|poke|p1|Clefable, F|item
|poke|p1|Gliscor, F|item
|poke|p1|Jirachi|item
|poke|p2|Zapdos|item
|poke|p2|Garchomp, M|item
|poke|p2|Greninja, M|item
|poke|p2|Nihilego|item
|poke|p2|Ferrothorn, F|item
|poke|p2|Scizor, M|item
|teampreview


|inactive|Time left: 150 sec this turn | 220 sec total


|inactive|Battle timer is ON: inactive players will automatically lose when time's up. (requested by ajaymt)



|inactive|thfhtvhvhvh also wants the timer to be on.



|
|start
|switch|p1a: Sableye|Sableye, F|100\/100
|switch|p2a: Bodak Yellow|Zapdos|383\/383
|turn|1


|inactive|Time left: 150 sec this turn | 230 sec total


|
|-mega|p1a: Sableye|Sableye|Sablenite
|detailschange|p1a: Sableye|Sableye-Mega, F
|move|p2a: Bodak Yellow|Discharge|p1a: Sableye
|-damage|p1a: Sableye|75\/100
|move|p1a: Sableye|Knock Off|p2a: Bodak Yellow
|-damage|p2a: Bodak Yellow|307\/383
|-status|p1a: Sableye|par|[from] ability: Static|[of] p2a: Bodak Yellow
|-enditem|p2a: Bodak Yellow|Leftovers|[from] move: Knock Off|[of] p1a: Sableye
|
|upkeep
|turn|2


|inactive|Time left: 150 sec this turn | 240 sec total


|
|switch|p1a: Chansey|Chansey, F|100\/100
|move|p2a: Bodak Yellow|Discharge|p1a: Chansey
|-damage|p1a: Chansey|90\/100
|
|upkeep
|turn|3


|inactive|Time left: 150 sec this turn | 245 sec total


|inactive|ajaymt has 135 seconds left.



|
|switch|p2a: Swords Dance|Scizor, M|344\/344
|move|p1a: Chansey|Stealth Rock|p2a: Swords Dance
|-sidestart|p2: ajaymt|move: Stealth Rock
|
|upkeep
|turn|4


|inactive|Time left: 150 sec this turn | 235 sec total


|
|switch|p2a: Zygarde sux|Garchomp, M|357\/357
|-damage|p2a: Zygarde sux|335\/357|[from] Stealth Rock
|switch|p1a: Toxapex|Toxapex, M|100\/100
|
|upkeep
|turn|5


|inactive|Time left: 150 sec this turn | 240 sec total


|
|switch|p1a: Gliscor|Gliscor, F|100\/100
|move|p2a: Zygarde sux|Swords Dance|p2a: Zygarde sux
|-boost|p2a: Zygarde sux|atk|2
|
|-status|p1a: Gliscor|tox|[from] item: Toxic Orb
|upkeep
|turn|6


|inactive|Time left: 150 sec this turn | 245 sec total


|
|-zpower|p2a: Zygarde sux
|move|p2a: Zygarde sux|Devastating Drake|p1a: Gliscor|[zeffect]
|-damage|p1a: Gliscor|0 fnt
|faint|p1a: Gliscor
|
|upkeep


|inactive|Time left: 150 sec this turn | 250 sec total


|
|switch|p1a: Clefable|Clefable, F|100\/100
|turn|7


|inactive|Time left: 150 sec this turn | 260 sec total


|inactive|ajaymt has 135 seconds left.



|
|switch|p2a: Whips don't lie|Ferrothorn, F|352\/352
|-damage|p2a: Whips don't lie|330\/352|[from] Stealth Rock
|move|p1a: Clefable|Moonblast|p2a: Whips don't lie
|-resisted|p2a: Whips don't lie
|-damage|p2a: Whips don't lie|288\/352
|
|-heal|p2a: Whips don't lie|310\/352|[from] item: Leftovers
|upkeep
|turn|8


|inactive|Time left: 150 sec this turn | 255 sec total


|
|switch|p2a: Flexicution|Greninja, M|285\/285
|-damage|p2a: Flexicution|250\/285|[from] Stealth Rock
|move|p1a: Clefable|Heal Bell|p1a: Clefable
|-activate|p1a: Clefable|move: Heal Bell
|-curestatus|p1: Sableye|par|[msg]
|
|upkeep
|turn|9


|inactive|Time left: 150 sec this turn | 255 sec total


|
|switch|p2a: Whips don't lie|Ferrothorn, F|310\/352
|-damage|p2a: Whips don't lie|288\/352|[from] Stealth Rock
|move|p1a: Clefable|Moonblast|p2a: Whips don't lie
|-resisted|p2a: Whips don't lie
|-damage|p2a: Whips don't lie|249\/352
|-unboost|p2a: Whips don't lie|spa|1
|
|-heal|p2a: Whips don't lie|271\/352|[from] item: Leftovers
|upkeep
|turn|10


|inactive|Time left: 150 sec this turn | 260 sec total


|
|switch|p1a: Sableye|Sableye-Mega, F|75\/100
|move|p2a: Whips don't lie|Power Whip|p1a: Sableye
|-damage|p1a: Sableye|41\/100
|
|-heal|p2a: Whips don't lie|293\/352|[from] item: Leftovers
|upkeep
|turn|11


|inactive|Time left: 150 sec this turn | 270 sec total


|
|switch|p2a: Bodak Yellow|Zapdos|307\/383
|-damage|p2a: Bodak Yellow|212\/383|[from] Stealth Rock
|move|p1a: Sableye|Recover|p1a: Sableye
|-heal|p1a: Sableye|91\/100
|
|upkeep
|turn|12


|inactive|Time left: 150 sec this turn | 275 sec total


|
|move|p2a: Bodak Yellow|Discharge|p1a: Sableye
|-damage|p1a: Sableye|68\/100
|move|p1a: Sableye|Will-O-Wisp|p2a: Bodak Yellow
|-status|p2a: Bodak Yellow|brn
|
|-damage|p2a: Bodak Yellow|189\/383 brn|[from] brn
|upkeep
|turn|13


|inactive|Time left: 150 sec this turn | 280 sec total


|
|move|p2a: Bodak Yellow|Defog|p1a: Sableye
|move|p1a: Sableye|Defog|p2a: Bodak Yellow|[from]Magic Bounce
|-unboost|p2a: Bodak Yellow|evasion|1
|-sideend|p2: ajaymt|Stealth Rock|[from] move: Defog|[of] p2a: Bodak Yellow
|move|p1a: Sableye|Recover|p1a: Sableye
|-heal|p1a: Sableye|100\/100
|
|-damage|p2a: Bodak Yellow|166\/383 brn|[from] brn
|upkeep
|turn|14


|inactive|Time left: 150 sec this turn | 285 sec total


|
|switch|p1a: Chansey|Chansey, F|90\/100
|move|p2a: Bodak Yellow|Discharge|p1a: Chansey
|-damage|p1a: Chansey|80\/100
|
|-damage|p2a: Bodak Yellow|143\/383 brn|[from] brn
|upkeep
|turn|15


|inactive|Time left: 150 sec this turn | 295 sec total


|
|move|p2a: Bodak Yellow|Roost|p2a: Bodak Yellow
|-heal|p2a: Bodak Yellow|335\/383 brn
|move|p1a: Chansey|Stealth Rock|p2a: Bodak Yellow
|-sidestart|p2: ajaymt|move: Stealth Rock
|
|-damage|p2a: Bodak Yellow|312\/383 brn|[from] brn
|upkeep
|turn|16


|inactive|Time left: 150 sec this turn | 300 sec total


|
|move|p2a: Bodak Yellow|Defog|p1a: Chansey
|-unboost|p1a: Chansey|evasion|1
|-sideend|p2: ajaymt|Stealth Rock|[from] move: Defog|[of] p2a: Bodak Yellow
|move|p1a: Chansey|Seismic Toss|p2a: Bodak Yellow
|-damage|p2a: Bodak Yellow|212\/383 brn
|
|-damage|p2a: Bodak Yellow|189\/383 brn|[from] brn
|upkeep
|turn|17


|inactive|Time left: 150 sec this turn | 310 sec total


|
|switch|p2a: Zygarde sux|Garchomp, M|335\/357
|move|p1a: Chansey|Stealth Rock|p2a: Zygarde sux
|-sidestart|p2: ajaymt|move: Stealth Rock
|
|upkeep
|turn|18


|inactive|Time left: 150 sec this turn | 320 sec total


|
|move|p2a: Zygarde sux|Earthquake|p1a: Chansey
|-damage|p1a: Chansey|45\/100
|move|p1a: Chansey|Toxic|p2a: Zygarde sux|[miss]
|-miss|p1a: Chansey|p2a: Zygarde sux
|
|upkeep
|turn|19


|inactive|Time left: 150 sec this turn | 330 sec total


|
|switch|p1a: Clefable|Clefable, F|100\/100
|move|p2a: Zygarde sux|Earthquake|p1a: Clefable
|-damage|p1a: Clefable|59\/100
|
|-heal|p1a: Clefable|65\/100|[from] item: Leftovers
|upkeep
|turn|20


|inactive|Time left: 150 sec this turn | 335 sec total


|
|move|p2a: Zygarde sux|Earthquake|p1a: Clefable
|-damage|p1a: Clefable|24\/100
|move|p1a: Clefable|Wish|p1a: Clefable
|
|-heal|p1a: Clefable|30\/100|[from] item: Leftovers
|upkeep
|turn|21


|inactive|Time left: 150 sec this turn | 340 sec total


|
|move|p1a: Clefable|Protect|p1a: Clefable
|-singleturn|p1a: Clefable|Protect
|move|p2a: Zygarde sux|Earthquake|p1a: Clefable
|-activate|p1a: Clefable|move: Protect
|
|-heal|p1a: Clefable|80\/100|[from] move: Wish|[wisher] Clefable
|-heal|p1a: Clefable|86\/100|[from] item: Leftovers
|upkeep
|turn|22


|inactive|Time left: 150 sec this turn | 345 sec total


|
|move|p2a: Zygarde sux|Earthquake|p1a: Clefable
|-damage|p1a: Clefable|46\/100
|move|p1a: Clefable|Wish|p1a: Clefable
|
|-heal|p1a: Clefable|52\/100|[from] item: Leftovers
|upkeep
|turn|23


|inactive|Time left: 150 sec this turn | 355 sec total


|
|switch|p2a: Flexicution|Greninja, M|250\/285
|-damage|p2a: Flexicution|215\/285|[from] Stealth Rock
|move|p1a: Clefable|Protect|p1a: Clefable
|-fail|p1a: Clefable
|
|-heal|p1a: Clefable|100\/100|[from] move: Wish|[wisher] Clefable
|upkeep
|turn|24


|inactive|Time left: 150 sec this turn | 365 sec total

|error|[Invalid choice] There's nothing to cancel


|
|move|p2a: Flexicution|Hydro Pump|p1a: Clefable
|-damage|p1a: Clefable|35\/100
|move|p1a: Clefable|Moonblast|p2a: Flexicution
|-supereffective|p2a: Flexicution
|-damage|p2a: Flexicution|0 fnt
|faint|p2a: Flexicution
|
|-heal|p1a: Clefable|41\/100|[from] item: Leftovers
|upkeep


|inactive|Time left: 150 sec this turn | 375 sec total


|
|switch|p2a: Swords Dance|Scizor, M|344\/344
|-damage|p2a: Swords Dance|301\/344|[from] Stealth Rock
|turn|25


|inactive|Time left: 150 sec this turn | 375 sec total


|
|switch|p2a: Zygarde sux|Garchomp, M|335\/357
|-damage|p2a: Zygarde sux|313\/357|[from] Stealth Rock
|switch|p1a: Toxapex|Toxapex, M|100\/100
|
|upkeep
|turn|26


|inactive|Time left: 150 sec this turn | 385 sec total


|
|move|p2a: Zygarde sux|Earthquake|p1a: Toxapex
|-supereffective|p1a: Toxapex
|-damage|p1a: Toxapex|13\/100
|move|p1a: Toxapex|Toxic|p2a: Zygarde sux
|-status|p2a: Zygarde sux|tox
|
|-heal|p1a: Toxapex|19\/100|[from] item: Black Sludge
|-damage|p2a: Zygarde sux|291\/357 tox|[from] psn
|upkeep
|turn|27


|inactive|Time left: 150 sec this turn | 395 sec total


|
|switch|p1a: Sableye|Sableye-Mega, F|100\/100
|move|p2a: Zygarde sux|Earthquake|p1a: Sableye
|-damage|p1a: Sableye|54\/100
|
|-damage|p2a: Zygarde sux|247\/357 tox|[from] psn
|upkeep
|turn|28


|inactive|Time left: 150 sec this turn | 405 sec total


|
|move|p2a: Zygarde sux|Outrage|p1a: Sableye
|-damage|p1a: Sableye|0 fnt
|faint|p1a: Sableye
|
|-damage|p2a: Zygarde sux|181\/357 tox|[from] psn
|upkeep


|inactive|Time left: 150 sec this turn | 405 sec total

|error|[Invalid choice] There's nothing to cancel


|
|switch|p1a: Clefable|Clefable, F|41\/100
|turn|29


|inactive|Time left: 150 sec this turn | 415 sec total


|
|move|p2a: Zygarde sux|Outrage|p1a: Clefable|[from]lockedmove
|-immune|p1a: Clefable|[msg]
|move|p1a: Clefable|Moonblast|p2a: Zygarde sux
|-supereffective|p2a: Zygarde sux
|-damage|p2a: Zygarde sux|0 fnt
|faint|p2a: Zygarde sux
|
|-heal|p1a: Clefable|47\/100|[from] item: Leftovers
|upkeep


|inactive|Time left: 150 sec this turn | 420 sec total


|
|switch|p2a: Whips don't lie|Ferrothorn, F|293\/352
|-damage|p2a: Whips don't lie|271\/352|[from] Stealth Rock
|turn|30


|inactive|Time left: 150 sec this turn | 430 sec total


|
|move|p1a: Clefable|Wish|p1a: Clefable
|move|p2a: Whips don't lie|Stealth Rock|p1a: Clefable
|-sidestart|p1: thfhtvhvhvh|move: Stealth Rock
|
|-heal|p1a: Clefable|53\/100|[from] item: Leftovers
|-heal|p2a: Whips don't lie|293\/352|[from] item: Leftovers
|upkeep
|turn|31


|inactive|Time left: 150 sec this turn | 440 sec total


|inactive|thfhtvhvhvh has 135 seconds left.



|inactive|ajaymt has 135 seconds left.



|
|move|p1a: Clefable|Protect|p1a: Clefable
|-singleturn|p1a: Clefable|Protect
|move|p2a: Whips don't lie|Thunder Wave|p1a: Clefable
|-activate|p1a: Clefable|move: Protect
|
|-heal|p1a: Clefable|100\/100|[from] move: Wish|[wisher] Clefable
|-heal|p2a: Whips don't lie|315\/352|[from] item: Leftovers
|upkeep
|turn|32


|inactive|Time left: 150 sec this turn | 435 sec total


|
|move|p1a: Clefable|Wish|p1a: Clefable
|move|p2a: Whips don't lie|Thunder Wave|p1a: Clefable
|-status|p1a: Clefable|par
|
|-heal|p2a: Whips don't lie|337\/352|[from] item: Leftovers
|upkeep
|turn|33


|inactive|Time left: 150 sec this turn | 445 sec total


|inactive|ajaymt has 135 seconds left.



|inactive|ajaymt has 120 seconds left.



|
|cant|p1a: Clefable|par
|move|p2a: Whips don't lie|Leech Seed|p1a: Clefable
|-start|p1a: Clefable|move: Leech Seed
|
|-heal|p2a: Whips don't lie|352\/352|[from] item: Leftovers
|-damage|p1a: Clefable|88\/100 par|[from] Leech Seed|[of] p2a: Whips don't lie
|upkeep
|turn|34


|inactive|Time left: 150 sec this turn | 425 sec total


|
|move|p1a: Clefable|Heal Bell|p1a: Clefable
|-activate|p1a: Clefable|move: Heal Bell
|-curestatus|p1a: Clefable|par|[msg]
|move|p2a: Whips don't lie|Power Whip|p1a: Clefable
|-damage|p1a: Clefable|60\/100
|
|-heal|p1a: Clefable|66\/100|[from] item: Leftovers
|-damage|p1a: Clefable|54\/100|[from] Leech Seed|[of] p2a: Whips don't lie
|upkeep
|turn|35


|inactive|Time left: 150 sec this turn | 435 sec total


|inactive|thfhtvhvhvh has 135 seconds left.



|inactive|ajaymt has 135 seconds left.



|inactive|ajaymt has 120 seconds left.



|inactive|ajaymt has 105 seconds left.



|inactive|ajaymt has 90 seconds left.



|inactive|ajaymt has 75 seconds left.



|
|switch|p1a: Toxapex|Toxapex, M|53\/100
|-damage|p1a: Toxapex|40\/100|[from] Stealth Rock
|move|p2a: Whips don't lie|Power Whip|p1a: Toxapex
|-damage|p1a: Toxapex|10\/100
|
|-heal|p1a: Toxapex|16\/100|[from] item: Black Sludge
|upkeep
|turn|36


|inactive|Time left: 150 sec this turn | 370 sec total


|
|switch|p1a: Jirachi|Jirachi|100\/100
|-damage|p1a: Jirachi|94\/100|[from] Stealth Rock
|move|p2a: Whips don't lie|Leech Seed|p1a: Jirachi
|-start|p1a: Jirachi|move: Leech Seed
|
|-heal|p1a: Jirachi|100\/100|[from] item: Leftovers
|-damage|p1a: Jirachi|88\/100|[from] Leech Seed|[of] p2a: Whips don't lie
|upkeep
|turn|37


|inactive|Time left: 150 sec this turn | 380 sec total


|
|move|p1a: Jirachi|Wish|p1a: Jirachi
|move|p2a: Whips don't lie|Thunder Wave|p1a: Jirachi
|-status|p1a: Jirachi|par
|
|-heal|p1a: Jirachi|94\/100 par|[from] item: Leftovers
|-damage|p1a: Jirachi|82\/100 par|[from] Leech Seed|[of] p2a: Whips don't lie
|upkeep
|turn|38


|inactive|Time left: 150 sec this turn | 385 sec total


|inactive|ajaymt has 135 seconds left.



|
|cant|p1a: Jirachi|par
|move|p2a: Whips don't lie|Power Whip|p1a: Jirachi|[miss]
|-miss|p2a: Whips don't lie|p1a: Jirachi
|
|-heal|p1a: Jirachi|100\/100 par|[from] move: Wish|[wisher] Jirachi
|-damage|p1a: Jirachi|88\/100 par|[from] Leech Seed|[of] p2a: Whips don't lie
|upkeep
|turn|39


|inactive|Time left: 150 sec this turn | 380 sec total


|
|move|p1a: Jirachi|Wish|p1a: Jirachi
|move|p2a: Whips don't lie|Power Whip|p1a: Jirachi
|-resisted|p1a: Jirachi
|-damage|p1a: Jirachi|71\/100 par
|
|-heal|p1a: Jirachi|78\/100 par|[from] item: Leftovers
|-damage|p1a: Jirachi|65\/100 par|[from] Leech Seed|[of] p2a: Whips don't lie
|upkeep
|turn|40


|inactive|Time left: 150 sec this turn | 390 sec total


|
|move|p1a: Jirachi|U-turn|p2a: Whips don't lie
|-damage|p2a: Whips don't lie|316\/352
|-damage|p1a: Jirachi|53\/100 par|[from] ability: Iron Barbs|[of] p2a: Whips don't lie


|inactive|Time left: 150 sec this turn | 390 sec total


|
|switch|p1a: Chansey|Chansey, F|45\/100
|-damage|p1a: Chansey|33\/100|[from] Stealth Rock
|move|p2a: Whips don't lie|Power Whip|p1a: Chansey|[miss]
|-miss|p2a: Whips don't lie|p1a: Chansey
|
|-heal|p1a: Chansey|62\/100|[from] move: Wish|[wisher] Jirachi
|-heal|p2a: Whips don't lie|338\/352|[from] item: Leftovers
|upkeep
|turn|41


|inactive|Time left: 150 sec this turn | 400 sec total


|
|move|p1a: Chansey|Soft-Boiled|p1a: Chansey
|-heal|p1a: Chansey|100\/100
|move|p2a: Whips don't lie|Leech Seed|p1a: Chansey|[miss]
|-miss|p2a: Whips don't lie|p1a: Chansey
|
|-heal|p2a: Whips don't lie|352\/352|[from] item: Leftovers
|upkeep
|turn|42


|inactive|Time left: 150 sec this turn | 410 sec total


|inactive|ajaymt has 135 seconds left.



|
|move|p1a: Chansey|Seismic Toss|p2a: Whips don't lie
|-damage|p2a: Whips don't lie|252\/352
|-damage|p1a: Chansey|88\/100|[from] ability: Iron Barbs|[of] p2a: Whips don't lie
|move|p2a: Whips don't lie|Leech Seed|p1a: Chansey
|-start|p1a: Chansey|move: Leech Seed
|
|-heal|p2a: Whips don't lie|274\/352|[from] item: Leftovers
|-damage|p1a: Chansey|76\/100|[from] Leech Seed|[of] p2a: Whips don't lie
|-heal|p2a: Whips don't lie|352\/352|[silent]
|upkeep
|turn|43


|inactive|Time left: 150 sec this turn | 405 sec total


|
|switch|p1a: Clefable|Clefable, F|54\/100
|-damage|p1a: Clefable|41\/100|[from] Stealth Rock
|move|p2a: Whips don't lie|Power Whip|p1a: Clefable
|-damage|p1a: Clefable|10\/100
|
|-heal|p1a: Clefable|16\/100|[from] item: Leftovers
|upkeep
|turn|44


|inactive|Time left: 150 sec this turn | 415 sec total


|
|move|p1a: Clefable|Protect|p1a: Clefable
|-singleturn|p1a: Clefable|Protect
|move|p2a: Whips don't lie|Power Whip|p1a: Clefable
|-activate|p1a: Clefable|move: Protect
|
|-heal|p1a: Clefable|22\/100|[from] item: Leftovers
|upkeep
|turn|45


|inactive|Time left: 150 sec this turn | 420 sec total


|
|switch|p1a: Jirachi|Jirachi|53\/100 par
|-damage|p1a: Jirachi|47\/100 par|[from] Stealth Rock
|move|p2a: Whips don't lie|Power Whip|p1a: Jirachi
|-resisted|p1a: Jirachi
|-damage|p1a: Jirachi|32\/100 par
|
|-heal|p1a: Jirachi|38\/100 par|[from] item: Leftovers
|upkeep
|turn|46


|inactive|Time left: 150 sec this turn | 425 sec total


|
|switch|p2a: Swords Dance|Scizor, M|301\/344
|-damage|p2a: Swords Dance|258\/344|[from] Stealth Rock
|move|p1a: Jirachi|Wish|p1a: Jirachi
|
|-heal|p1a: Jirachi|44\/100 par|[from] item: Leftovers
|upkeep
|turn|47


|inactive|Time left: 150 sec this turn | 435 sec total


|
|switch|p1a: Toxapex|Toxapex, M|49\/100
|-damage|p1a: Toxapex|37\/100|[from] Stealth Rock
|-mega|p2a: Swords Dance|Scizor|Scizorite
|detailschange|p2a: Swords Dance|Scizor-Mega, M
|move|p2a: Swords Dance|Swords Dance|p2a: Swords Dance
|-boost|p2a: Swords Dance|atk|2
|
|-heal|p1a: Toxapex|100\/100|[from] move: Wish|[wisher] Jirachi
|upkeep
|turn|48


|inactive|Time left: 150 sec this turn | 440 sec total


|
|switch|p2a: Whips don't lie|Ferrothorn, F|352\/352
|-damage|p2a: Whips don't lie|330\/352|[from] Stealth Rock
|move|p1a: Toxapex|Haze|p1a: Toxapex
|-clearallboost
|
|-heal|p2a: Whips don't lie|352\/352|[from] item: Leftovers
|upkeep
|turn|49


|inactive|Time left: 150 sec this turn | 450 sec total


|
|move|p1a: Toxapex|Scald|p2a: Whips don't lie
|-resisted|p2a: Whips don't lie
|-damage|p2a: Whips don't lie|331\/352
|move|p2a: Whips don't lie|Thunder Wave|p1a: Toxapex
|-status|p1a: Toxapex|par
|
|-heal|p2a: Whips don't lie|352\/352|[from] item: Leftovers
|upkeep
|turn|50


|inactive|Time left: 150 sec this turn | 455 sec total


|
|move|p2a: Whips don't lie|Power Whip|p1a: Toxapex
|-damage|p1a: Toxapex|67\/100 par
|cant|p1a: Toxapex|par
|
|-heal|p1a: Toxapex|73\/100 par|[from] item: Black Sludge
|upkeep
|turn|51


|inactive|Time left: 150 sec this turn | 465 sec total


|inactive|ajaymt has 135 seconds left.



|inactive|ajaymt has 120 seconds left.



|
|move|p2a: Whips don't lie|Leech Seed|p1a: Toxapex
|-start|p1a: Toxapex|move: Leech Seed
|move|p1a: Toxapex|Scald|p2a: Whips don't lie
|-resisted|p2a: Whips don't lie
|-damage|p2a: Whips don't lie|329\/352
|
|-heal|p2a: Whips don't lie|351\/352|[from] item: Leftovers
|-heal|p1a: Toxapex|79\/100 par|[from] item: Black Sludge
|-damage|p1a: Toxapex|67\/100 par|[from] Leech Seed|[of] p2a: Whips don't lie
|-heal|p2a: Whips don't lie|352\/352|[silent]
|upkeep
|turn|52


|inactive|Time left: 150 sec this turn | 445 sec total


|
|move|p2a: Whips don't lie|Power Whip|p1a: Toxapex
|-damage|p1a: Toxapex|33\/100 par
|move|p1a: Toxapex|Scald|p2a: Whips don't lie
|-resisted|p2a: Whips don't lie
|-damage|p2a: Whips don't lie|330\/352
|
|-heal|p2a: Whips don't lie|352\/352|[from] item: Leftovers
|-heal|p1a: Toxapex|39\/100 par|[from] item: Black Sludge
|-damage|p1a: Toxapex|27\/100 par|[from] Leech Seed|[of] p2a: Whips don't lie
|upkeep
|turn|53


|inactive|Time left: 150 sec this turn | 455 sec total


|
|switch|p1a: Chansey|Chansey, F|76\/100
|-damage|p1a: Chansey|63\/100|[from] Stealth Rock
|move|p2a: Whips don't lie|Power Whip|p1a: Chansey
|-damage|p1a: Chansey|38\/100
|
|upkeep
|turn|54


|inactive|Time left: 150 sec this turn | 455 sec total


|
|move|p1a: Chansey|Soft-Boiled|p1a: Chansey
|-heal|p1a: Chansey|88\/100
|move|p2a: Whips don't lie|Leech Seed|p1a: Chansey
|-start|p1a: Chansey|move: Leech Seed
|
|-damage|p1a: Chansey|75\/100|[from] Leech Seed|[of] p2a: Whips don't lie
|upkeep
|turn|55


|inactive|Time left: 150 sec this turn | 465 sec total


|
|move|p1a: Chansey|Soft-Boiled|p1a: Chansey
|-heal|p1a: Chansey|100\/100
|move|p2a: Whips don't lie|Power Whip|p1a: Chansey
|-damage|p1a: Chansey|75\/100
|
|-damage|p1a: Chansey|63\/100|[from] Leech Seed|[of] p2a: Whips don't lie
|upkeep
|turn|56


|inactive|Time left: 150 sec this turn | 465 sec total

|error|[Invalid choice] There's nothing to cancel


|
|switch|p2a: Swords Dance|Scizor-Mega, M|258\/344
|-damage|p2a: Swords Dance|215\/344|[from] Stealth Rock
|move|p1a: Chansey|Soft-Boiled|p1a: Chansey
|-heal|p1a: Chansey|100\/100
|
|-damage|p1a: Chansey|88\/100|[from] Leech Seed|[of] p2a: Swords Dance
|-heal|p2a: Swords Dance|302\/344|[silent]
|upkeep
|turn|57


|inactive|Time left: 150 sec this turn | 475 sec total


|
|switch|p1a: Toxapex|Toxapex, M|60\/100 par
|-damage|p1a: Toxapex|48\/100 par|[from] Stealth Rock
|move|p2a: Swords Dance|Swords Dance|p2a: Swords Dance
|-boost|p2a: Swords Dance|atk|2
|
|-heal|p1a: Toxapex|54\/100 par|[from] item: Black Sludge
|upkeep
|turn|58


|inactive|Time left: 150 sec this turn | 475 sec total


|
|switch|p1a: Jirachi|Jirachi|44\/100 par
|-damage|p1a: Jirachi|38\/100 par|[from] Stealth Rock
|move|p2a: Swords Dance|Knock Off|p1a: Jirachi
|-supereffective|p1a: Jirachi
|-damage|p1a: Jirachi|0 fnt
|-enditem|p1a: Jirachi|Leftovers|[from] move: Knock Off|[of] p2a: Swords Dance
|faint|p1a: Jirachi
|
|upkeep


|inactive|Time left: 150 sec this turn | 485 sec total


|
|switch|p1a: Toxapex|Toxapex, M|87\/100 par
|-damage|p1a: Toxapex|75\/100 par|[from] Stealth Rock
|turn|59


|inactive|Time left: 150 sec this turn | 495 sec total


|
|move|p2a: Swords Dance|Knock Off|p1a: Toxapex
|-damage|p1a: Toxapex|7\/100 par
|-enditem|p1a: Toxapex|Black Sludge|[from] move: Knock Off|[of] p2a: Swords Dance
|cant|p1a: Toxapex|par
|
|upkeep
|turn|60


|inactive|Time left: 150 sec this turn | 495 sec total


|-message|thfhtvhvhvh forfeited.



|
|win|ajaymt


|inactive|Time left: 150 sec this turn | 505 sec total

||Ladder updating...


|l|☆thfhtvhvhvh



|raw|thfhtvhvhvh's rating: 1645 &rarr; <strong>1622<\/strong><br \/>(-23 for losing)
|raw|ajaymt's rating: 1603 &rarr; <strong>1625<\/strong><br \/>(+22 for winning)

</script>
</div>
<div class="battle-log battle-log-inline"><div class="inner"><div class="chat"><small>☆thfhtvhvhvh joined.</small></div><div class="chat"><small>☆ajaymt joined.</small></div><div style="padding:5px 0"><small>Format:</small> <br><strong>[Gen 7] OU</strong></div><div class="rated"><strong>Rated battle</strong></div><div><small><em>Sleep Clause Mod:</em> Limit one foe put to sleep</small></div><div><small><em>Species Clause:</em> Limit one of each Pokémon</small></div><div><small><em>OHKO Clause:</em> OHKO moves are banned</small></div><div><small><em>Moody Clause:</em> Moody is banned</small></div><div><small><em>Evasion Moves Clause:</em> Evasion moves are banned</small></div><div><small><em>Endless Battle Clause:</em> Forcing endless battles is banned</small></div><div><small><em>HP Percentage Mod:</em> HP is shown in percentages</small></div><div class="chat"><strong>ajaymt's team:</strong> <em style="color:#445566;display:block;">Zapdos / Garchomp / Greninja / Nihilego / Ferrothorn / Scizor</em></div><div class="chat"><strong>thfhtvhvhvh's team:</strong> <em style="color:#445566;display:block;">Toxapex / Sableye / Chansey / Clefable / Gliscor / Jirachi</em></div><div class="chat message-error">Battle timer is ON: inactive players will automatically lose when time's up. (requested by ajaymt)</div><div class="chat message-error">thfhtvhvhvh also wants the timer to be on.</div><div>Battle between thfhtvhvhvh and ajaymt started!</div><div class="spacer battle-history"></div><div class="battle-history">thfhtvhvhvh sent out Sableye!</div><div class="spacer battle-history"></div><div class="battle-history">Go! <span class="battle-nickname" title="Zapdos">Bodak Yellow <small>(Zapdos)</small></span>!</div><h2 class="battle-history">Turn 1</h2><div class="spacer battle-history"></div><div class="battle-history"><small>The opposing <span class="battle-nickname-foe" title="Sableye">Sableye</span>'s Sablenite is reacting to the Key Stone!<br>The opposing <span class="battle-nickname-foe" title="Sableye">Sableye</span> has Mega Evolved into Mega Sableye!</small></div><div class="spacer battle-history"></div><div class="battle-history"><span class="battle-nickname" title="Zapdos">Bodak Yellow</span> used <strong>Discharge</strong>!</div><div class="battle-history"><small>The opposing <span class="battle-nickname-foe" title="Sableye-Mega">Sableye</span> lost 25% of its health!</small><br></div><div class="spacer battle-history"></div><div class="battle-history">The opposing <span class="battle-nickname-foe" title="Sableye-Mega">Sableye</span> used <strong>Knock Off</strong>!</div><div class="battle-history"><small><span class="battle-nickname" title="Zapdos">Bodak Yellow</span> lost <abbr title="−76/383">19.8%</abbr> of its health!</small><br></div><div class="battle-history"><small>[<span class="battle-nickname" title="Zapdos">Bodak Yellow</span>'s Static!]</small></div><div class="battle-history"><small>The opposing <span class="battle-nickname-foe" title="Sableye-Mega">Sableye</span> is paralyzed! It may be unable to move!</small></div><div class="battle-history"><small>The opposing <span class="battle-nickname-foe" title="Sableye-Mega">Sableye</span> knocked off <span class="battle-nickname" title="Zapdos">Bodak Yellow</span>'s Leftovers!</small></div><h2 class="battle-history">Turn 2</h2><div class="spacer battle-history"></div><div class="battle-history">thfhtvhvhvh withdrew <span class="battle-nickname-foe" title="Sableye-Mega">Sableye <small>(Sableye-Mega)</small></span>!</div><div class="battle-history">thfhtvhvhvh sent out Chansey!</div><div class="spacer battle-history"></div><div class="battle-history"><span class="battle-nickname" title="Zapdos">Bodak Yellow</span> used <strong>Discharge</strong>!</div><div class="battle-history"><small>The opposing <span class="battle-nickname-foe" title="Chansey">Chansey</span> lost 10% of its health!</small><br></div><h2 class="battle-history">Turn 3</h2><div class="chat message-error">ajaymt has 135 seconds left.</div><div class="spacer battle-history"></div><div class="battle-history"><span class="battle-nickname" title="Zapdos">Bodak Yellow</span>, come back!</div><div class="battle-history">Go! <span class="battle-nickname" title="Scizor">Swords Dance <small>(Scizor)</small></span>!</div><div class="spacer battle-history"></div><div class="battle-history">The opposing <span class="battle-nickname-foe" title="Chansey">Chansey</span> used <strong>Stealth Rock</strong>!</div><div class="battle-history"><small>Pointed stones float in the air around your team!</small></div><h2 class="battle-history">Turn 4</h2><div class="spacer battle-history"></div><div class="battle-history"><span class="battle-nickname" title="Scizor">Swords Dance</span>, come back!</div><div class="battle-history">Go! <span class="battle-nickname" title="Garchomp">Zygarde sux <small>(Garchomp)</small></span>!</div><div class="battle-history"><small>Pointed stones dug into <span class="battle-nickname" title="Garchomp">Zygarde sux</span>! </small></div><div class="spacer battle-history"></div><div class="battle-history">thfhtvhvhvh withdrew Chansey!</div><div class="battle-history">thfhtvhvhvh sent out Toxapex!</div><h2 class="battle-history">Turn 5</h2><div class="spacer battle-history"></div><div class="battle-history">thfhtvhvhvh withdrew Toxapex!</div><div class="battle-history">thfhtvhvhvh sent out Gliscor!</div><div class="spacer battle-history"></div><div class="battle-history"><span class="battle-nickname" title="Garchomp">Zygarde sux</span> used <strong>Swords Dance</strong>!</div><div class="battle-history"><small><span class="battle-nickname" title="Garchomp">Zygarde sux</span>'s Attack rose sharply! </small></div><div class="spacer battle-history"></div><div class="battle-history"><small>The opposing <span class="battle-nickname-foe" title="Gliscor">Gliscor</span> was badly poisoned by the Toxic Orb!</small></div><h2 class="battle-history">Turn 6</h2><div class="spacer battle-history"></div><div class="battle-history"><small><span class="battle-nickname" title="Garchomp">Zygarde sux</span> surrounded itself with its Z-Power! </small></div><div class="battle-history"><small><span class="battle-nickname" title="Garchomp">Zygarde sux</span> unleashes its full-force Z-Move!</small></div><div class="battle-history"><span class="battle-nickname" title="Garchomp">Zygarde sux</span> used <strong>Devastating Drake</strong>!</div><div class="battle-history"><small>The opposing <span class="battle-nickname-foe" title="Gliscor">Gliscor</span> lost 100% of its health!</small><br></div><div class="spacer battle-history"></div><div class="battle-history">The opposing <span class="battle-nickname-foe" title="Gliscor">Gliscor</span> fainted!</div><div class="spacer battle-history"></div><div class="battle-history">thfhtvhvhvh sent out Clefable!</div><h2 class="battle-history">Turn 7</h2><div class="chat message-error">ajaymt has 135 seconds left.</div><div class="spacer battle-history"></div><div class="battle-history"><span class="battle-nickname" title="Garchomp">Zygarde sux</span>, come back!</div><div class="battle-history">Go! <span class="battle-nickname" title="Ferrothorn">Whips don't lie <small>(Ferrothorn)</small></span>!</div><div class="battle-history"><small>Pointed stones dug into <span class="battle-nickname" title="Ferrothorn">Whips don't lie</span>! </small></div><div class="spacer battle-history"></div><div class="battle-history">The opposing <span class="battle-nickname-foe" title="Clefable">Clefable</span> used <strong>Moonblast</strong>!</div><div class="battle-history"><small>It's not very effective... <br></small><small><span class="battle-nickname" title="Ferrothorn">Whips don't lie</span> lost <abbr title="−42/352">11.9%</abbr> of its health!</small><br></div><div class="spacer battle-history"></div><div class="battle-history"><small><span class="battle-nickname" title="Ferrothorn">Whips don't lie</span> restored a little HP using its Leftovers!</small></div><h2 class="battle-history">Turn 8</h2><div class="spacer battle-history"></div><div class="battle-history"><span class="battle-nickname" title="Ferrothorn">Whips don't lie</span>, come back!</div><div class="battle-history">Go! <span class="battle-nickname" title="Greninja">Flexicution <small>(Greninja)</small></span>!</div><div class="battle-history"><small>Pointed stones dug into <span class="battle-nickname" title="Greninja">Flexicution</span>! </small></div><div class="spacer battle-history"></div><div class="battle-history">The opposing <span class="battle-nickname-foe" title="Clefable">Clefable</span> used <strong>Heal Bell</strong>!</div><div class="battle-history"><small>A bell chimed!</small></div><div class="battle-history"><small>The opposing <span class="battle-nickname-foe" title="Sableye-Mega">Sableye</span> was cured of paralysis.</small></div><h2 class="battle-history">Turn 9</h2><div class="spacer battle-history"></div><div class="battle-history"><span class="battle-nickname" title="Greninja">Flexicution</span>, come back!</div><div class="battle-history">Go! <span class="battle-nickname" title="Ferrothorn">Whips don't lie <small>(Ferrothorn)</small></span>!</div><div class="battle-history"><small>Pointed stones dug into <span class="battle-nickname" title="Ferrothorn">Whips don't lie</span>! </small></div><div class="spacer battle-history"></div><div class="battle-history">The opposing <span class="battle-nickname-foe" title="Clefable">Clefable</span> used <strong>Moonblast</strong>!</div><div class="battle-history"><small>It's not very effective... <br></small><small><span class="battle-nickname" title="Ferrothorn">Whips don't lie</span> lost <abbr title="−39/352">11.1%</abbr> of its health!</small><br></div><div class="battle-history"><small><span class="battle-nickname" title="Ferrothorn">Whips don't lie</span>'s Special Attack fell! </small></div><div class="spacer battle-history"></div><div class="battle-history"><small><span class="battle-nickname" title="Ferrothorn">Whips don't lie</span> restored a little HP using its Leftovers!</small></div><h2 class="battle-history">Turn 10</h2><div class="spacer battle-history"></div><div class="battle-history">thfhtvhvhvh withdrew Clefable!</div><div class="battle-history">thfhtvhvhvh sent out <span class="battle-nickname-foe" title="Sableye-Mega">Sableye <small>(Sableye-Mega)</small></span>!</div><div class="spacer battle-history"></div><div class="battle-history"><span class="battle-nickname" title="Ferrothorn">Whips don't lie</span> used <strong>Power Whip</strong>!</div><div class="battle-history"><small>The opposing <span class="battle-nickname-foe" title="Sableye-Mega">Sableye</span> lost 34% of its health!</small><br></div><div class="spacer battle-history"></div><div class="battle-history"><small><span class="battle-nickname" title="Ferrothorn">Whips don't lie</span> restored a little HP using its Leftovers!</small></div><h2 class="battle-history">Turn 11</h2><div class="spacer battle-history"></div><div class="battle-history"><span class="battle-nickname" title="Ferrothorn">Whips don't lie</span>, come back!</div><div class="battle-history">Go! <span class="battle-nickname" title="Zapdos">Bodak Yellow <small>(Zapdos)</small></span>!</div><div class="battle-history"><small>Pointed stones dug into <span class="battle-nickname" title="Zapdos">Bodak Yellow</span>! </small></div><div class="spacer battle-history"></div><div class="battle-history">The opposing <span class="battle-nickname-foe" title="Sableye-Mega">Sableye</span> used <strong>Recover</strong>!</div><div class="battle-history"><small>The opposing <span class="battle-nickname-foe" title="Sableye-Mega">Sableye</span> restored its HP.</small></div><h2 class="battle-history">Turn 12</h2><div class="spacer battle-history"></div><div class="battle-history"><span class="battle-nickname" title="Zapdos">Bodak Yellow</span> used <strong>Discharge</strong>!</div><div class="battle-history"><small>The opposing <span class="battle-nickname-foe" title="Sableye-Mega">Sableye</span> lost 23% of its health!</small><br></div><div class="spacer battle-history"></div><div class="battle-history">The opposing <span class="battle-nickname-foe" title="Sableye-Mega">Sableye</span> used <strong>Will-O-Wisp</strong>!</div><div class="battle-history"><small><span class="battle-nickname" title="Zapdos">Bodak Yellow</span> was burned!</small></div><div class="spacer battle-history"></div><div class="battle-history"><small><span class="battle-nickname" title="Zapdos">Bodak Yellow</span> was hurt by its burn! </small></div><h2 class="battle-history">Turn 13</h2><div class="spacer battle-history"></div><div class="battle-history"><span class="battle-nickname" title="Zapdos">Bodak Yellow</span> used <strong>Defog</strong>!</div><div class="battle-history"><small>[Opposing <span class="battle-nickname-foe" title="Sableye-Mega">Sableye</span>'s Magic Bounce!]</small></div><div class="battle-history">The opposing <span class="battle-nickname-foe" title="Sableye-Mega">Sableye</span> bounced the Defog back!</div><div class="battle-history"><small><span class="battle-nickname" title="Zapdos">Bodak Yellow</span>'s evasiveness fell! </small></div><div class="battle-history"><small>The pointed stones disappeared from around your team!</small></div><div class="spacer battle-history"></div><div class="battle-history">The opposing <span class="battle-nickname-foe" title="Sableye-Mega">Sableye</span> used <strong>Recover</strong>!</div><div class="battle-history"><small>The opposing <span class="battle-nickname-foe" title="Sableye-Mega">Sableye</span> restored its HP.</small></div><div class="spacer battle-history"></div><div class="battle-history"><small><span class="battle-nickname" title="Zapdos">Bodak Yellow</span> was hurt by its burn! </small></div><h2 class="battle-history">Turn 14</h2><div class="spacer battle-history"></div><div class="battle-history">thfhtvhvhvh withdrew <span class="battle-nickname-foe" title="Sableye-Mega">Sableye <small>(Sableye-Mega)</small></span>!</div><div class="battle-history">thfhtvhvhvh sent out Chansey!</div><div class="spacer battle-history"></div><div class="battle-history"><span class="battle-nickname" title="Zapdos">Bodak Yellow</span> used <strong>Discharge</strong>!</div><div class="battle-history"><small>The opposing <span class="battle-nickname-foe" title="Chansey">Chansey</span> lost 10% of its health!</small><br></div><div class="spacer battle-history"></div><div class="battle-history"><small><span class="battle-nickname" title="Zapdos">Bodak Yellow</span> was hurt by its burn! </small></div><h2 class="battle-history">Turn 15</h2><div class="spacer battle-history"></div><div class="battle-history"><span class="battle-nickname" title="Zapdos">Bodak Yellow</span> used <strong>Roost</strong>!</div><div class="battle-history"><small><span class="battle-nickname" title="Zapdos">Bodak Yellow</span> restored its HP.</small></div><div class="spacer battle-history"></div><div class="battle-history">The opposing <span class="battle-nickname-foe" title="Chansey">Chansey</span> used <strong>Stealth Rock</strong>!</div><div class="battle-history"><small>Pointed stones float in the air around your team!</small></div><div class="spacer battle-history"></div><div class="battle-history"><small><span class="battle-nickname" title="Zapdos">Bodak Yellow</span> was hurt by its burn! </small></div><h2 class="battle-history">Turn 16</h2><div class="spacer battle-history"></div><div class="battle-history"><span class="battle-nickname" title="Zapdos">Bodak Yellow</span> used <strong>Defog</strong>!</div><div class="battle-history"><small>The opposing <span class="battle-nickname-foe" title="Chansey">Chansey</span>'s evasiveness fell! </small></div><div class="battle-history"><small>The pointed stones disappeared from around your team!</small></div><div class="spacer battle-history"></div><div class="battle-history">The opposing <span class="battle-nickname-foe" title="Chansey">Chansey</span> used <strong>Seismic Toss</strong>!</div><div class="battle-history"><small><span class="battle-nickname" title="Zapdos">Bodak Yellow</span> lost <abbr title="−100/383">26.1%</abbr> of its health!</small><br></div><div class="spacer battle-history"></div><div class="battle-history"><small><span class="battle-nickname" title="Zapdos">Bodak Yellow</span> was hurt by its burn! </small></div><h2 class="battle-history">Turn 17</h2><div class="spacer battle-history"></div><div class="battle-history"><span class="battle-nickname" title="Zapdos">Bodak Yellow</span>, come back!</div><div class="battle-history">Go! <span class="battle-nickname" title="Garchomp">Zygarde sux <small>(Garchomp)</small></span>!</div><div class="spacer battle-history"></div><div class="battle-history">The opposing <span class="battle-nickname-foe" title="Chansey">Chansey</span> used <strong>Stealth Rock</strong>!</div><div class="battle-history"><small>Pointed stones float in the air around your team!</small></div><h2 class="battle-history">Turn 18</h2><div class="spacer battle-history"></div><div class="battle-history"><span class="battle-nickname" title="Garchomp">Zygarde sux</span> used <strong>Earthquake</strong>!</div><div class="battle-history"><small>The opposing <span class="battle-nickname-foe" title="Chansey">Chansey</span> lost 35% of its health!</small><br></div><div class="spacer battle-history"></div><div class="battle-history">The opposing <span class="battle-nickname-foe" title="Chansey">Chansey</span> used <strong>Toxic</strong>!</div><div class="battle-history"><small><span class="battle-nickname" title="Garchomp">Zygarde sux</span> avoided the attack!</small></div><h2 class="battle-history">Turn 19</h2><div class="spacer battle-history"></div><div class="battle-history">thfhtvhvhvh withdrew Chansey!</div><div class="battle-history">thfhtvhvhvh sent out Clefable!</div><div class="spacer battle-history"></div><div class="battle-history"><span class="battle-nickname" title="Garchomp">Zygarde sux</span> used <strong>Earthquake</strong>!</div><div class="battle-history"><small>The opposing <span class="battle-nickname-foe" title="Clefable">Clefable</span> lost 41% of its health!</small><br></div><div class="spacer battle-history"></div><div class="battle-history"><small>The opposing <span class="battle-nickname-foe" title="Clefable">Clefable</span> restored a little HP using its Leftovers!</small></div><h2 class="battle-history">Turn 20</h2><div class="spacer battle-history"></div><div class="battle-history"><span class="battle-nickname" title="Garchomp">Zygarde sux</span> used <strong>Earthquake</strong>!</div><div class="battle-history"><small>The opposing <span class="battle-nickname-foe" title="Clefable">Clefable</span> lost 41% of its health!</small><br></div><div class="spacer battle-history"></div><div class="battle-history">The opposing <span class="battle-nickname-foe" title="Clefable">Clefable</span> used <strong>Wish</strong>!</div><div class="spacer battle-history"></div><div class="battle-history"><small>The opposing <span class="battle-nickname-foe" title="Clefable">Clefable</span> restored a little HP using its Leftovers!</small></div><h2 class="battle-history">Turn 21</h2><div class="spacer battle-history"></div><div class="battle-history">The opposing <span class="battle-nickname-foe" title="Clefable">Clefable</span> used <strong>Protect</strong>!</div><div class="battle-history"><small>The opposing <span class="battle-nickname-foe" title="Clefable">Clefable</span> protected itself!</small></div><div class="spacer battle-history"></div><div class="battle-history"><span class="battle-nickname" title="Garchomp">Zygarde sux</span> used <strong>Earthquake</strong>!</div><div class="battle-history"><small>The opposing <span class="battle-nickname-foe" title="Clefable">Clefable</span> protected itself!</small></div><div class="spacer battle-history"></div><div class="battle-history"><small>Clefable's wish came true!</small></div><div class="battle-history"><small>The opposing <span class="battle-nickname-foe" title="Clefable">Clefable</span> restored a little HP using its Leftovers!</small></div><h2 class="battle-history">Turn 22</h2><div class="spacer battle-history"></div><div class="battle-history"><span class="battle-nickname" title="Garchomp">Zygarde sux</span> used <strong>Earthquake</strong>!</div><div class="battle-history"><small>The opposing <span class="battle-nickname-foe" title="Clefable">Clefable</span> lost 40% of its health!</small><br></div><div class="spacer battle-history"></div><div class="battle-history">The opposing <span class="battle-nickname-foe" title="Clefable">Clefable</span> used <strong>Wish</strong>!</div><div class="spacer battle-history"></div><div class="battle-history"><small>The opposing <span class="battle-nickname-foe" title="Clefable">Clefable</span> restored a little HP using its Leftovers!</small></div><h2 class="battle-history">Turn 23</h2><div class="spacer battle-history"></div><div class="battle-history"><span class="battle-nickname" title="Garchomp">Zygarde sux</span>, come back!</div><div class="battle-history">Go! <span class="battle-nickname" title="Greninja">Flexicution <small>(Greninja)</small></span>!</div><div class="battle-history"><small>Pointed stones dug into <span class="battle-nickname" title="Greninja">Flexicution</span>! </small></div><div class="spacer battle-history"></div><div class="battle-history">The opposing <span class="battle-nickname-foe" title="Clefable">Clefable</span> used <strong>Protect</strong>!</div><div class="battle-history"><small>But it failed!</small></div><div class="spacer battle-history"></div><div class="battle-history"><small>Clefable's wish came true!</small></div><h2 class="battle-history">Turn 24</h2><div class="chat message-error">[Invalid choice] There's nothing to cancel</div><div class="spacer battle-history"></div><div class="battle-history"><span class="battle-nickname" title="Greninja">Flexicution</span> used <strong>Hydro Pump</strong>!</div><div class="battle-history"><small>The opposing <span class="battle-nickname-foe" title="Clefable">Clefable</span> lost 65% of its health!</small><br></div><div class="spacer battle-history"></div><div class="battle-history">The opposing <span class="battle-nickname-foe" title="Clefable">Clefable</span> used <strong>Moonblast</strong>!</div><div class="battle-history"><small>It's super effective! <br></small><small><span class="battle-nickname" title="Greninja">Flexicution</span> lost <abbr title="−215/285">75.4%</abbr> of its health!</small><br></div><div class="spacer battle-history"></div><div class="battle-history"><span class="battle-nickname" title="Greninja">Flexicution</span> fainted!</div><div class="spacer battle-history"></div><div class="battle-history"><small>The opposing <span class="battle-nickname-foe" title="Clefable">Clefable</span> restored a little HP using its Leftovers!</small></div><div class="spacer battle-history"></div><div class="battle-history">Go! <span class="battle-nickname" title="Scizor">Swords Dance <small>(Scizor)</small></span>!</div><div class="battle-history"><small>Pointed stones dug into <span class="battle-nickname" title="Scizor">Swords Dance</span>! </small></div><h2 class="battle-history">Turn 25</h2><div class="spacer battle-history"></div><div class="battle-history"><span class="battle-nickname" title="Scizor">Swords Dance</span>, come back!</div><div class="battle-history">Go! <span class="battle-nickname" title="Garchomp">Zygarde sux <small>(Garchomp)</small></span>!</div><div class="battle-history"><small>Pointed stones dug into <span class="battle-nickname" title="Garchomp">Zygarde sux</span>! </small></div><div class="spacer battle-history"></div><div class="battle-history">thfhtvhvhvh withdrew Clefable!</div><div class="battle-history">thfhtvhvhvh sent out Toxapex!</div><h2 class="battle-history">Turn 26</h2><div class="spacer battle-history"></div><div class="battle-history"><span class="battle-nickname" title="Garchomp">Zygarde sux</span> used <strong>Earthquake</strong>!</div><div class="battle-history"><small>It's super effective! <br></small><small>The opposing <span class="battle-nickname-foe" title="Toxapex">Toxapex</span> lost 87% of its health!</small><br></div><div class="spacer battle-history"></div><div class="battle-history">The opposing <span class="battle-nickname-foe" title="Toxapex">Toxapex</span> used <strong>Toxic</strong>!</div><div class="battle-history"><small><span class="battle-nickname" title="Garchomp">Zygarde sux</span> was badly poisoned!</small></div><div class="spacer battle-history"></div><div class="battle-history"><small>The opposing <span class="battle-nickname-foe" title="Toxapex">Toxapex</span> restored a little HP using its Black Sludge!</small></div><div class="battle-history"><small><span class="battle-nickname" title="Garchomp">Zygarde sux</span> was hurt by poison! </small></div><h2 class="battle-history">Turn 27</h2><div class="spacer battle-history"></div><div class="battle-history">thfhtvhvhvh withdrew Toxapex!</div><div class="battle-history">thfhtvhvhvh sent out <span class="battle-nickname-foe" title="Sableye-Mega">Sableye <small>(Sableye-Mega)</small></span>!</div><div class="spacer battle-history"></div><div class="battle-history"><span class="battle-nickname" title="Garchomp">Zygarde sux</span> used <strong>Earthquake</strong>!</div><div class="battle-history"><small>The opposing <span class="battle-nickname-foe" title="Sableye-Mega">Sableye</span> lost 46% of its health!</small><br></div><div class="spacer battle-history"></div><div class="battle-history"><small><span class="battle-nickname" title="Garchomp">Zygarde sux</span> was hurt by poison! </small></div><h2 class="battle-history">Turn 28</h2><div class="spacer battle-history"></div><div class="battle-history"><span class="battle-nickname" title="Garchomp">Zygarde sux</span> used <strong>Outrage</strong>!</div><div class="battle-history"><small>The opposing <span class="battle-nickname-foe" title="Sableye-Mega">Sableye</span> lost 54% of its health!</small><br></div><div class="spacer battle-history"></div><div class="battle-history">The opposing <span class="battle-nickname-foe" title="Sableye-Mega">Sableye</span> fainted!</div><div class="spacer battle-history"></div><div class="battle-history"><small><span class="battle-nickname" title="Garchomp">Zygarde sux</span> was hurt by poison! </small></div><div class="chat message-error">[Invalid choice] There's nothing to cancel</div><div class="spacer battle-history"></div><div class="battle-history">thfhtvhvhvh sent out Clefable!</div><h2 class="battle-history">Turn 29</h2><div class="spacer battle-history"></div><div class="battle-history"><span class="battle-nickname" title="Garchomp">Zygarde sux</span> used <strong>Outrage</strong>!</div><div class="battle-history"><small>It doesn't affect the opposing <span class="battle-nickname-foe" title="Clefable">Clefable</span>... </small></div><div class="spacer battle-history"></div><div class="battle-history">The opposing <span class="battle-nickname-foe" title="Clefable">Clefable</span> used <strong>Moonblast</strong>!</div><div class="battle-history"><small>It's super effective! <br></small><small><span class="battle-nickname" title="Garchomp">Zygarde sux</span> lost <abbr title="−181/357">50.7%</abbr> of its health!</small><br></div><div class="spacer battle-history"></div><div class="battle-history"><span class="battle-nickname" title="Garchomp">Zygarde sux</span> fainted!</div><div class="spacer battle-history"></div><div class="battle-history"><small>The opposing <span class="battle-nickname-foe" title="Clefable">Clefable</span> restored a little HP using its Leftovers!</small></div><div class="spacer battle-history"></div><div class="battle-history">Go! <span class="battle-nickname" title="Ferrothorn">Whips don't lie <small>(Ferrothorn)</small></span>!</div><div class="battle-history"><small>Pointed stones dug into <span class="battle-nickname" title="Ferrothorn">Whips don't lie</span>! </small></div><h2 class="battle-history">Turn 30</h2><div class="spacer battle-history"></div><div class="battle-history">The opposing <span class="battle-nickname-foe" title="Clefable">Clefable</span> used <strong>Wish</strong>!</div><div class="spacer battle-history"></div><div class="battle-history"><span class="battle-nickname" title="Ferrothorn">Whips don't lie</span> used <strong>Stealth Rock</strong>!</div><div class="battle-history"><small>Pointed stones float in the air around the opposing team!</small></div><div class="spacer battle-history"></div><div class="battle-history"><small>The opposing <span class="battle-nickname-foe" title="Clefable">Clefable</span> restored a little HP using its Leftovers!</small></div><div class="battle-history"><small><span class="battle-nickname" title="Ferrothorn">Whips don't lie</span> restored a little HP using its Leftovers!</small></div><h2 class="battle-history">Turn 31</h2><div class="chat message-error">thfhtvhvhvh has 135 seconds left.</div><div class="chat message-error">ajaymt has 135 seconds left.</div><div class="spacer battle-history"></div><div class="battle-history">The opposing <span class="battle-nickname-foe" title="Clefable">Clefable</span> used <strong>Protect</strong>!</div><div class="battle-history"><small>The opposing <span class="battle-nickname-foe" title="Clefable">Clefable</span> protected itself!</small></div><div class="spacer battle-history"></div><div class="battle-history"><span class="battle-nickname" title="Ferrothorn">Whips don't lie</span> used <strong>Thunder Wave</strong>!</div><div class="battle-history"><small>The opposing <span class="battle-nickname-foe" title="Clefable">Clefable</span> protected itself!</small></div><div class="spacer battle-history"></div><div class="battle-history"><small>Clefable's wish came true!</small></div><div class="battle-history"><small><span class="battle-nickname" title="Ferrothorn">Whips don't lie</span> restored a little HP using its Leftovers!</small></div><h2 class="battle-history">Turn 32</h2><div class="spacer battle-history"></div><div class="battle-history">The opposing <span class="battle-nickname-foe" title="Clefable">Clefable</span> used <strong>Wish</strong>!</div><div class="spacer battle-history"></div><div class="battle-history"><span class="battle-nickname" title="Ferrothorn">Whips don't lie</span> used <strong>Thunder Wave</strong>!</div><div class="battle-history"><small>The opposing <span class="battle-nickname-foe" title="Clefable">Clefable</span> is paralyzed! It may be unable to move!</small></div><div class="spacer battle-history"></div><div class="battle-history"><small><span class="battle-nickname" title="Ferrothorn">Whips don't lie</span> restored a little HP using its Leftovers!</small></div><h2 class="battle-history">Turn 33</h2><div class="chat message-error">ajaymt has 135 seconds left.</div><div class="chat message-error">ajaymt has 120 seconds left.</div><div class="spacer battle-history"></div><div class="battle-history">The opposing <span class="battle-nickname-foe" title="Clefable">Clefable</span> is paralyzed! It can't move!</div><div class="spacer battle-history"></div><div class="battle-history"><span class="battle-nickname" title="Ferrothorn">Whips don't lie</span> used <strong>Leech Seed</strong>!</div><div class="battle-history"><small>The opposing <span class="battle-nickname-foe" title="Clefable">Clefable</span> was seeded!</small></div><div class="spacer battle-history"></div><div class="battle-history"><small><span class="battle-nickname" title="Ferrothorn">Whips don't lie</span> restored a little HP using its Leftovers!</small></div><div class="battle-history"><small>The opposing <span class="battle-nickname-foe" title="Clefable">Clefable</span>'s health is sapped by Leech Seed! </small></div><h2 class="battle-history">Turn 34</h2><div class="spacer battle-history"></div><div class="battle-history">The opposing <span class="battle-nickname-foe" title="Clefable">Clefable</span> used <strong>Heal Bell</strong>!</div><div class="battle-history"><small>A bell chimed!</small></div><div class="battle-history"><small>The opposing <span class="battle-nickname-foe" title="Clefable">Clefable</span> was cured of paralysis.</small></div><div class="spacer battle-history"></div><div class="battle-history"><span class="battle-nickname" title="Ferrothorn">Whips don't lie</span> used <strong>Power Whip</strong>!</div><div class="battle-history"><small>The opposing <span class="battle-nickname-foe" title="Clefable">Clefable</span> lost 28% of its health!</small><br></div><div class="spacer battle-history"></div><div class="battle-history"><small>The opposing <span class="battle-nickname-foe" title="Clefable">Clefable</span> restored a little HP using its Leftovers!</small></div><div class="battle-history"><small>The opposing <span class="battle-nickname-foe" title="Clefable">Clefable</span>'s health is sapped by Leech Seed! </small></div><h2 class="battle-history">Turn 35</h2><div class="chat message-error">thfhtvhvhvh has 135 seconds left.</div><div class="chat message-error">ajaymt has 135 seconds left.</div><div class="chat message-error">ajaymt has 120 seconds left.</div><div class="chat message-error">ajaymt has 105 seconds left.</div><div class="chat message-error">ajaymt has 90 seconds left.</div><div class="chat message-error">ajaymt has 75 seconds left.</div><div class="spacer battle-history"></div><div class="battle-history">thfhtvhvhvh withdrew Clefable!</div><div class="battle-history">thfhtvhvhvh sent out Toxapex!</div><div class="battle-history"><small>Pointed stones dug into the opposing <span class="battle-nickname-foe" title="Toxapex">Toxapex</span>! </small></div><div class="spacer battle-history"></div><div class="battle-history"><span class="battle-nickname" title="Ferrothorn">Whips don't lie</span> used <strong>Power Whip</strong>!</div><div class="battle-history"><small>The opposing <span class="battle-nickname-foe" title="Toxapex">Toxapex</span> lost 30% of its health!</small><br></div><div class="spacer battle-history"></div><div class="battle-history"><small>The opposing <span class="battle-nickname-foe" title="Toxapex">Toxapex</span> restored a little HP using its Black Sludge!</small></div><h2 class="battle-history">Turn 36</h2><div class="spacer battle-history"></div><div class="battle-history">thfhtvhvhvh withdrew Toxapex!</div><div class="battle-history">thfhtvhvhvh sent out Jirachi!</div><div class="battle-history"><small>Pointed stones dug into the opposing <span class="battle-nickname-foe" title="Jirachi">Jirachi</span>! </small></div><div class="spacer battle-history"></div><div class="battle-history"><span class="battle-nickname" title="Ferrothorn">Whips don't lie</span> used <strong>Leech Seed</strong>!</div><div class="battle-history"><small>The opposing <span class="battle-nickname-foe" title="Jirachi">Jirachi</span> was seeded!</small></div><div class="spacer battle-history"></div><div class="battle-history"><small>The opposing <span class="battle-nickname-foe" title="Jirachi">Jirachi</span> restored a little HP using its Leftovers!</small></div><div class="battle-history"><small>The opposing <span class="battle-nickname-foe" title="Jirachi">Jirachi</span>'s health is sapped by Leech Seed! </small></div><h2 class="battle-history">Turn 37</h2><div class="spacer battle-history"></div><div class="battle-history">The opposing <span class="battle-nickname-foe" title="Jirachi">Jirachi</span> used <strong>Wish</strong>!</div><div class="spacer battle-history"></div><div class="battle-history"><span class="battle-nickname" title="Ferrothorn">Whips don't lie</span> used <strong>Thunder Wave</strong>!</div><div class="battle-history"><small>The opposing <span class="battle-nickname-foe" title="Jirachi">Jirachi</span> is paralyzed! It may be unable to move!</small></div><div class="spacer battle-history"></div><div class="battle-history"><small>The opposing <span class="battle-nickname-foe" title="Jirachi">Jirachi</span> restored a little HP using its Leftovers!</small></div><div class="battle-history"><small>The opposing <span class="battle-nickname-foe" title="Jirachi">Jirachi</span>'s health is sapped by Leech Seed! </small></div><h2 class="battle-history">Turn 38</h2><div class="chat message-error">ajaymt has 135 seconds left.</div><div class="spacer battle-history"></div><div class="battle-history">The opposing <span class="battle-nickname-foe" title="Jirachi">Jirachi</span> is paralyzed! It can't move!</div><div class="spacer battle-history"></div><div class="battle-history"><span class="battle-nickname" title="Ferrothorn">Whips don't lie</span> used <strong>Power Whip</strong>!</div><div class="battle-history"><small>The opposing <span class="battle-nickname-foe" title="Jirachi">Jirachi</span> avoided the attack!</small></div><div class="spacer battle-history"></div><div class="battle-history"><small>Jirachi's wish came true!</small></div><div class="battle-history"><small>The opposing <span class="battle-nickname-foe" title="Jirachi">Jirachi</span>'s health is sapped by Leech Seed! </small></div><h2 class="battle-history">Turn 39</h2><div class="spacer battle-history"></div><div class="battle-history">The opposing <span class="battle-nickname-foe" title="Jirachi">Jirachi</span> used <strong>Wish</strong>!</div><div class="spacer battle-history"></div><div class="battle-history"><span class="battle-nickname" title="Ferrothorn">Whips don't lie</span> used <strong>Power Whip</strong>!</div><div class="battle-history"><small>It's not very effective... <br></small><small>The opposing <span class="battle-nickname-foe" title="Jirachi">Jirachi</span> lost 17% of its health!</small><br></div><div class="spacer battle-history"></div><div class="battle-history"><small>The opposing <span class="battle-nickname-foe" title="Jirachi">Jirachi</span> restored a little HP using its Leftovers!</small></div><div class="battle-history"><small>The opposing <span class="battle-nickname-foe" title="Jirachi">Jirachi</span>'s health is sapped by Leech Seed! </small></div><h2 class="battle-history">Turn 40</h2><div class="spacer battle-history"></div><div class="battle-history">The opposing <span class="battle-nickname-foe" title="Jirachi">Jirachi</span> used <strong>U-turn</strong>!</div><div class="battle-history"><small><span class="battle-nickname" title="Ferrothorn">Whips don't lie</span> lost <abbr title="−36/352">10.2%</abbr> of its health!</small><br></div><div class="battle-history"><small>[<span class="battle-nickname" title="Ferrothorn">Whips don't lie</span>'s Iron Barbs!]</small></div><div class="battle-history"><small>The opposing <span class="battle-nickname-foe" title="Jirachi">Jirachi</span> was hurt! </small></div><div class="spacer battle-history"></div><div class="battle-history">The opposing <span class="battle-nickname-foe" title="Jirachi">Jirachi</span> went back to thfhtvhvhvh!</div><div class="battle-history">thfhtvhvhvh sent out Chansey!</div><div class="battle-history"><small>Pointed stones dug into the opposing <span class="battle-nickname-foe" title="Chansey">Chansey</span>! </small></div><div class="spacer battle-history"></div><div class="battle-history"><span class="battle-nickname" title="Ferrothorn">Whips don't lie</span> used <strong>Power Whip</strong>!</div><div class="battle-history"><small>The opposing <span class="battle-nickname-foe" title="Chansey">Chansey</span> avoided the attack!</small></div><div class="spacer battle-history"></div><div class="battle-history"><small>Jirachi's wish came true!</small></div><div class="battle-history"><small><span class="battle-nickname" title="Ferrothorn">Whips don't lie</span> restored a little HP using its Leftovers!</small></div><h2 class="battle-history">Turn 41</h2><div class="spacer battle-history"></div><div class="battle-history">The opposing <span class="battle-nickname-foe" title="Chansey">Chansey</span> used <strong>Soft-Boiled</strong>!</div><div class="battle-history"><small>The opposing <span class="battle-nickname-foe" title="Chansey">Chansey</span> restored its HP.</small></div><div class="spacer battle-history"></div><div class="battle-history"><span class="battle-nickname" title="Ferrothorn">Whips don't lie</span> used <strong>Leech Seed</strong>!</div><div class="battle-history"><small>The opposing <span class="battle-nickname-foe" title="Chansey">Chansey</span> avoided the attack!</small></div><div class="spacer battle-history"></div><div class="battle-history"><small><span class="battle-nickname" title="Ferrothorn">Whips don't lie</span> restored a little HP using its Leftovers!</small></div><h2 class="battle-history">Turn 42</h2><div class="chat message-error">ajaymt has 135 seconds left.</div><div class="spacer battle-history"></div><div class="battle-history">The opposing <span class="battle-nickname-foe" title="Chansey">Chansey</span> used <strong>Seismic Toss</strong>!</div><div class="battle-history"><small><span class="battle-nickname" title="Ferrothorn">Whips don't lie</span> lost <abbr title="−100/352">28.4%</abbr> of its health!</small><br></div><div class="battle-history"><small>[<span class="battle-nickname" title="Ferrothorn">Whips don't lie</span>'s Iron Barbs!]</small></div><div class="battle-history"><small>The opposing <span class="battle-nickname-foe" title="Chansey">Chansey</span> was hurt! </small></div><div class="spacer battle-history"></div><div class="battle-history"><span class="battle-nickname" title="Ferrothorn">Whips don't lie</span> used <strong>Leech Seed</strong>!</div><div class="battle-history"><small>The opposing <span class="battle-nickname-foe" title="Chansey">Chansey</span> was seeded!</small></div><div class="spacer battle-history"></div><div class="battle-history"><small><span class="battle-nickname" title="Ferrothorn">Whips don't lie</span> restored a little HP using its Leftovers!</small></div><div class="battle-history"><small>The opposing <span class="battle-nickname-foe" title="Chansey">Chansey</span>'s health is sapped by Leech Seed! </small></div><h2 class="battle-history">Turn 43</h2><div class="spacer battle-history"></div><div class="battle-history">thfhtvhvhvh withdrew Chansey!</div><div class="battle-history">thfhtvhvhvh sent out Clefable!</div><div class="battle-history"><small>Pointed stones dug into the opposing <span class="battle-nickname-foe" title="Clefable">Clefable</span>! </small></div><div class="spacer battle-history"></div><div class="battle-history"><span class="battle-nickname" title="Ferrothorn">Whips don't lie</span> used <strong>Power Whip</strong>!</div><div class="battle-history"><small>The opposing <span class="battle-nickname-foe" title="Clefable">Clefable</span> lost 31% of its health!</small><br></div><div class="spacer battle-history"></div><div class="battle-history"><small>The opposing <span class="battle-nickname-foe" title="Clefable">Clefable</span> restored a little HP using its Leftovers!</small></div><h2 class="battle-history">Turn 44</h2><div class="spacer battle-history"></div><div class="battle-history">The opposing <span class="battle-nickname-foe" title="Clefable">Clefable</span> used <strong>Protect</strong>!</div><div class="battle-history"><small>The opposing <span class="battle-nickname-foe" title="Clefable">Clefable</span> protected itself!</small></div><div class="spacer battle-history"></div><div class="battle-history"><span class="battle-nickname" title="Ferrothorn">Whips don't lie</span> used <strong>Power Whip</strong>!</div><div class="battle-history"><small>The opposing <span class="battle-nickname-foe" title="Clefable">Clefable</span> protected itself!</small></div><div class="spacer battle-history"></div><div class="battle-history"><small>The opposing <span class="battle-nickname-foe" title="Clefable">Clefable</span> restored a little HP using its Leftovers!</small></div><h2 class="battle-history">Turn 45</h2><div class="spacer battle-history"></div><div class="battle-history">thfhtvhvhvh withdrew Clefable!</div><div class="battle-history">thfhtvhvhvh sent out Jirachi!</div><div class="battle-history"><small>Pointed stones dug into the opposing <span class="battle-nickname-foe" title="Jirachi">Jirachi</span>! </small></div><div class="spacer battle-history"></div><div class="battle-history"><span class="battle-nickname" title="Ferrothorn">Whips don't lie</span> used <strong>Power Whip</strong>!</div><div class="battle-history"><small>It's not very effective... <br></small><small>The opposing <span class="battle-nickname-foe" title="Jirachi">Jirachi</span> lost 15% of its health!</small><br></div><div class="spacer battle-history"></div><div class="battle-history"><small>The opposing <span class="battle-nickname-foe" title="Jirachi">Jirachi</span> restored a little HP using its Leftovers!</small></div><h2 class="battle-history">Turn 46</h2><div class="spacer battle-history"></div><div class="battle-history"><span class="battle-nickname" title="Ferrothorn">Whips don't lie</span>, come back!</div><div class="battle-history">Go! <span class="battle-nickname" title="Scizor">Swords Dance <small>(Scizor)</small></span>!</div><div class="battle-history"><small>Pointed stones dug into <span class="battle-nickname" title="Scizor">Swords Dance</span>! </small></div><div class="spacer battle-history"></div><div class="battle-history">The opposing <span class="battle-nickname-foe" title="Jirachi">Jirachi</span> used <strong>Wish</strong>!</div><div class="spacer battle-history"></div><div class="battle-history"><small>The opposing <span class="battle-nickname-foe" title="Jirachi">Jirachi</span> restored a little HP using its Leftovers!</small></div><h2 class="battle-history">Turn 47</h2><div class="spacer battle-history"></div><div class="battle-history">thfhtvhvhvh withdrew Jirachi!</div><div class="battle-history">thfhtvhvhvh sent out Toxapex!</div><div class="battle-history"><small>Pointed stones dug into the opposing <span class="battle-nickname-foe" title="Toxapex">Toxapex</span>! </small></div><div class="battle-history"><small><span class="battle-nickname" title="Scizor">Swords Dance</span>'s Scizorite is reacting to the Key Stone!<br><span class="battle-nickname" title="Scizor">Swords Dance</span> has Mega Evolved into Mega Scizor!</small></div><div class="spacer battle-history"></div><div class="battle-history"><span class="battle-nickname" title="Scizor-Mega">Swords Dance</span> used <strong>Swords Dance</strong>!</div><div class="battle-history"><small><span class="battle-nickname" title="Scizor-Mega">Swords Dance</span>'s Attack rose sharply! </small></div><div class="spacer battle-history"></div><div class="battle-history"><small>Jirachi's wish came true!</small></div><h2 class="battle-history">Turn 48</h2><div class="spacer battle-history"></div><div class="battle-history"><span class="battle-nickname" title="Scizor-Mega">Swords Dance</span>, come back!</div><div class="battle-history">Go! <span class="battle-nickname" title="Ferrothorn">Whips don't lie <small>(Ferrothorn)</small></span>!</div><div class="battle-history"><small>Pointed stones dug into <span class="battle-nickname" title="Ferrothorn">Whips don't lie</span>! </small></div><div class="spacer battle-history"></div><div class="battle-history">The opposing <span class="battle-nickname-foe" title="Toxapex">Toxapex</span> used <strong>Haze</strong>!</div><div class="battle-history"><small>All stat changes were eliminated!</small></div><div class="spacer battle-history"></div><div class="battle-history"><small><span class="battle-nickname" title="Ferrothorn">Whips don't lie</span> restored a little HP using its Leftovers!</small></div><h2 class="battle-history">Turn 49</h2><div class="spacer battle-history"></div><div class="battle-history">The opposing <span class="battle-nickname-foe" title="Toxapex">Toxapex</span> used <strong>Scald</strong>!</div><div class="battle-history"><small>It's not very effective... <br></small><small><span class="battle-nickname" title="Ferrothorn">Whips don't lie</span> lost <abbr title="−21/352">6.0%</abbr> of its health!</small><br></div><div class="spacer battle-history"></div><div class="battle-history"><span class="battle-nickname" title="Ferrothorn">Whips don't lie</span> used <strong>Thunder Wave</strong>!</div><div class="battle-history"><small>The opposing <span class="battle-nickname-foe" title="Toxapex">Toxapex</span> is paralyzed! It may be unable to move!</small></div><div class="spacer battle-history"></div><div class="battle-history"><small><span class="battle-nickname" title="Ferrothorn">Whips don't lie</span> restored a little HP using its Leftovers!</small></div><h2 class="battle-history">Turn 50</h2><div class="spacer battle-history"></div><div class="battle-history"><span class="battle-nickname" title="Ferrothorn">Whips don't lie</span> used <strong>Power Whip</strong>!</div><div class="battle-history"><small>The opposing <span class="battle-nickname-foe" title="Toxapex">Toxapex</span> lost 33% of its health!</small><br></div><div class="spacer battle-history"></div><div class="battle-history">The opposing <span class="battle-nickname-foe" title="Toxapex">Toxapex</span> is paralyzed! It can't move!</div><div class="spacer battle-history"></div><div class="battle-history"><small>The opposing <span class="battle-nickname-foe" title="Toxapex">Toxapex</span> restored a little HP using its Black Sludge!</small></div><h2 class="battle-history">Turn 51</h2><div class="chat message-error">ajaymt has 135 seconds left.</div><div class="chat message-error">ajaymt has 120 seconds left.</div><div class="spacer battle-history"></div><div class="battle-history"><span class="battle-nickname" title="Ferrothorn">Whips don't lie</span> used <strong>Leech Seed</strong>!</div><div class="battle-history"><small>The opposing <span class="battle-nickname-foe" title="Toxapex">Toxapex</span> was seeded!</small></div><div class="spacer battle-history"></div><div class="battle-history">The opposing <span class="battle-nickname-foe" title="Toxapex">Toxapex</span> used <strong>Scald</strong>!</div><div class="battle-history"><small>It's not very effective... <br></small><small><span class="battle-nickname" title="Ferrothorn">Whips don't lie</span> lost <abbr title="−23/352">6.5%</abbr> of its health!</small><br></div><div class="spacer battle-history"></div><div class="battle-history"><small><span class="battle-nickname" title="Ferrothorn">Whips don't lie</span> restored a little HP using its Leftovers!</small></div><div class="battle-history"><small>The opposing <span class="battle-nickname-foe" title="Toxapex">Toxapex</span> restored a little HP using its Black Sludge!</small></div><div class="battle-history"><small>The opposing <span class="battle-nickname-foe" title="Toxapex">Toxapex</span>'s health is sapped by Leech Seed! </small></div><h2 class="battle-history">Turn 52</h2><div class="spacer battle-history"></div><div class="battle-history"><span class="battle-nickname" title="Ferrothorn">Whips don't lie</span> used <strong>Power Whip</strong>!</div><div class="battle-history"><small>The opposing <span class="battle-nickname-foe" title="Toxapex">Toxapex</span> lost 34% of its health!</small><br></div><div class="spacer battle-history"></div><div class="battle-history">The opposing <span class="battle-nickname-foe" title="Toxapex">Toxapex</span> used <strong>Scald</strong>!</div><div class="battle-history"><small>It's not very effective... <br></small><small><span class="battle-nickname" title="Ferrothorn">Whips don't lie</span> lost <abbr title="−22/352">6.3%</abbr> of its health!</small><br></div><div class="spacer battle-history"></div><div class="battle-history"><small><span class="battle-nickname" title="Ferrothorn">Whips don't lie</span> restored a little HP using its Leftovers!</small></div><div class="battle-history"><small>The opposing <span class="battle-nickname-foe" title="Toxapex">Toxapex</span> restored a little HP using its Black Sludge!</small></div><div class="battle-history"><small>The opposing <span class="battle-nickname-foe" title="Toxapex">Toxapex</span>'s health is sapped by Leech Seed! </small></div><h2 class="battle-history">Turn 53</h2><div class="spacer battle-history"></div><div class="battle-history">thfhtvhvhvh withdrew Toxapex!</div><div class="battle-history">thfhtvhvhvh sent out Chansey!</div><div class="battle-history"><small>Pointed stones dug into the opposing <span class="battle-nickname-foe" title="Chansey">Chansey</span>! </small></div><div class="spacer battle-history"></div><div class="battle-history"><span class="battle-nickname" title="Ferrothorn">Whips don't lie</span> used <strong>Power Whip</strong>!</div><div class="battle-history"><small>The opposing <span class="battle-nickname-foe" title="Chansey">Chansey</span> lost 25% of its health!</small><br></div><h2 class="battle-history">Turn 54</h2><div class="spacer battle-history"></div><div class="battle-history">The opposing <span class="battle-nickname-foe" title="Chansey">Chansey</span> used <strong>Soft-Boiled</strong>!</div><div class="battle-history"><small>The opposing <span class="battle-nickname-foe" title="Chansey">Chansey</span> restored its HP.</small></div><div class="spacer battle-history"></div><div class="battle-history"><span class="battle-nickname" title="Ferrothorn">Whips don't lie</span> used <strong>Leech Seed</strong>!</div><div class="battle-history"><small>The opposing <span class="battle-nickname-foe" title="Chansey">Chansey</span> was seeded!</small></div><div class="spacer battle-history"></div><div class="battle-history"><small>The opposing <span class="battle-nickname-foe" title="Chansey">Chansey</span>'s health is sapped by Leech Seed! </small></div><h2 class="battle-history">Turn 55</h2><div class="spacer battle-history"></div><div class="battle-history">The opposing <span class="battle-nickname-foe" title="Chansey">Chansey</span> used <strong>Soft-Boiled</strong>!</div><div class="battle-history"><small>The opposing <span class="battle-nickname-foe" title="Chansey">Chansey</span> restored its HP.</small></div><div class="spacer battle-history"></div><div class="battle-history"><span class="battle-nickname" title="Ferrothorn">Whips don't lie</span> used <strong>Power Whip</strong>!</div><div class="battle-history"><small>The opposing <span class="battle-nickname-foe" title="Chansey">Chansey</span> lost 25% of its health!</small><br></div><div class="spacer battle-history"></div><div class="battle-history"><small>The opposing <span class="battle-nickname-foe" title="Chansey">Chansey</span>'s health is sapped by Leech Seed! </small></div><h2 class="battle-history">Turn 56</h2><div class="chat message-error">[Invalid choice] There's nothing to cancel</div><div class="spacer battle-history"></div><div class="battle-history"><span class="battle-nickname" title="Ferrothorn">Whips don't lie</span>, come back!</div><div class="battle-history">Go! <span class="battle-nickname" title="Scizor-Mega">Swords Dance <small>(Scizor-Mega)</small></span>!</div><div class="battle-history"><small>Pointed stones dug into <span class="battle-nickname" title="Scizor-Mega">Swords Dance</span>! </small></div><div class="spacer battle-history"></div><div class="battle-history">The opposing <span class="battle-nickname-foe" title="Chansey">Chansey</span> used <strong>Soft-Boiled</strong>!</div><div class="battle-history"><small>The opposing <span class="battle-nickname-foe" title="Chansey">Chansey</span> restored its HP.</small></div><div class="spacer battle-history"></div><div class="battle-history"><small>The opposing <span class="battle-nickname-foe" title="Chansey">Chansey</span>'s health is sapped by Leech Seed! </small></div><h2 class="battle-history">Turn 57</h2><div class="spacer battle-history"></div><div class="battle-history">thfhtvhvhvh withdrew Chansey!</div><div class="battle-history">thfhtvhvhvh sent out Toxapex!</div><div class="battle-history"><small>Pointed stones dug into the opposing <span class="battle-nickname-foe" title="Toxapex">Toxapex</span>! </small></div><div class="spacer battle-history"></div><div class="battle-history"><span class="battle-nickname" title="Scizor-Mega">Swords Dance</span> used <strong>Swords Dance</strong>!</div><div class="battle-history"><small><span class="battle-nickname" title="Scizor-Mega">Swords Dance</span>'s Attack rose sharply! </small></div><div class="spacer battle-history"></div><div class="battle-history"><small>The opposing <span class="battle-nickname-foe" title="Toxapex">Toxapex</span> restored a little HP using its Black Sludge!</small></div><h2 class="battle-history">Turn 58</h2><div class="spacer battle-history"></div><div class="battle-history">thfhtvhvhvh withdrew Toxapex!</div><div class="battle-history">thfhtvhvhvh sent out Jirachi!</div><div class="battle-history"><small>Pointed stones dug into the opposing <span class="battle-nickname-foe" title="Jirachi">Jirachi</span>! </small></div><div class="spacer battle-history"></div><div class="battle-history"><span class="battle-nickname" title="Scizor-Mega">Swords Dance</span> used <strong>Knock Off</strong>!</div><div class="battle-history"><small>It's super effective! <br></small><small>The opposing <span class="battle-nickname-foe" title="Jirachi">Jirachi</span> lost 38% of its health!</small><br></div><div class="battle-history"><small><span class="battle-nickname" title="Scizor-Mega">Swords Dance</span> knocked off the opposing <span class="battle-nickname-foe" title="Jirachi">Jirachi</span>'s Leftovers!</small></div><div class="spacer battle-history"></div><div class="battle-history">The opposing <span class="battle-nickname-foe" title="Jirachi">Jirachi</span> fainted!</div><div class="spacer battle-history"></div><div class="battle-history">thfhtvhvhvh sent out Toxapex!</div><div class="battle-history"><small>Pointed stones dug into the opposing <span class="battle-nickname-foe" title="Toxapex">Toxapex</span>! </small></div><h2 class="battle-history">Turn 59</h2><div class="spacer battle-history"></div><div class="battle-history"><span class="battle-nickname" title="Scizor-Mega">Swords Dance</span> used <strong>Knock Off</strong>!</div><div class="battle-history"><small>The opposing <span class="battle-nickname-foe" title="Toxapex">Toxapex</span> lost 68% of its health!</small><br></div><div class="battle-history"><small><span class="battle-nickname" title="Scizor-Mega">Swords Dance</span> knocked off the opposing <span class="battle-nickname-foe" title="Toxapex">Toxapex</span>'s Black Sludge!</small></div><div class="spacer battle-history"></div><div class="battle-history">The opposing <span class="battle-nickname-foe" title="Toxapex">Toxapex</span> is paralyzed! It can't move!</div><h2 class="battle-history">Turn 60</h2><div class="spacer battle-history"></div><div class="battle-history"><small>thfhtvhvhvh forfeited.</small></div><div class="spacer battle-history"></div><div class="battle-history">ajaymt won the battle!</div><div class="chat">Ladder updating...</div><div class="chat"><small>☆thfhtvhvhvh left.</small></div><div class="chat">thfhtvhvhvh's rating: 1645 → <strong>1622</strong><br>(-23 for losing)</div><div class="chat">ajaymt's rating: 1603 → <strong>1625</strong><br>(+22 for winning)</div></div></div>
</div>
<script>
var daily = Math.floor(Date.now()/1000/60/60/24);document.write('<script src="https://play.pokemonshowdown.com/js/replay-embed.js?version'+daily+'"></'+'script>');
</script>
