<!DOCTYPE html>
<meta charset="utf-8" />
<!-- version 1 -->
<title>[Gen 7] OU replay: ajaymt vs. C3vKwKbL</title>
<style>
html,body {font-family:Verdana, sans-serif;font-size:10pt;margin:0;padding:0;}body{padding:12px 0;} .battle-log {font-family:Verdana, sans-serif;font-size:10pt;} .battle-log-inline {border:1px solid #AAAAAA;background:#EEF2F5;color:black;max-width:640px;margin:0 auto 80px;padding-bottom:5px;} .battle-log .inner {padding:4px 8px 0px 8px;} .battle-log .inner-preempt {padding:0 8px 4px 8px;} .battle-log .inner-after {margin-top:0.5em;} .battle-log h2 {margin:0.5em -8px;padding:4px 8px;border:1px solid #AAAAAA;background:#E0E7EA;border-left:0;border-right:0;font-family:Verdana, sans-serif;font-size:13pt;} .battle-log .chat {vertical-align:middle;padding:3px 0 3px 0;font-size:8pt;} .battle-log .chat strong {color:#40576A;} .battle-log .chat em {padding:1px 4px 1px 3px;color:#000000;font-style:normal;} .chat.mine {background:rgba(0,0,0,0.05);margin-left:-8px;margin-right:-8px;padding-left:8px;padding-right:8px;} .spoiler {color:#BBBBBB;background:#BBBBBB;padding:0px 3px;} .spoiler:hover, .spoiler:active, .spoiler-shown {color:#000000;background:#E2E2E2;padding:0px 3px;} .spoiler a {color:#BBBBBB;} .spoiler:hover a, .spoiler:active a, .spoiler-shown a {color:#2288CC;} .chat code, .chat .spoiler:hover code, .chat .spoiler:active code, .chat .spoiler-shown code {border:1px solid #C0C0C0;background:#EEEEEE;color:black;padding:0 2px;} .chat .spoiler code {border:1px solid #CCCCCC;background:#CCCCCC;color:#CCCCCC;} .battle-log .rated {padding:3px 4px;} .battle-log .rated strong {color:white;background:#89A;padding:1px 4px;border-radius:4px;} .spacer {margin-top:0.5em;} .message-announce {background:#6688AA;color:white;padding:1px 4px 2px;} .message-announce a, .broadcast-green a, .broadcast-blue a, .broadcast-red a {color:#DDEEFF;} .broadcast-green {background-color:#559955;color:white;padding:2px 4px;} .broadcast-blue {background-color:#6688AA;color:white;padding:2px 4px;} .infobox {border:1px solid #6688AA;padding:2px 4px;} .infobox-limited {max-height:200px;overflow:auto;overflow-x:hidden;} .broadcast-red {background-color:#AA5544;color:white;padding:2px 4px;} .message-learn-canlearn {font-weight:bold;color:#228822;text-decoration:underline;} .message-learn-cannotlearn {font-weight:bold;color:#CC2222;text-decoration:underline;} .message-effect-weak {font-weight:bold;color:#CC2222;} .message-effect-resist {font-weight:bold;color:#6688AA;} .message-effect-immune {font-weight:bold;color:#666666;} .message-learn-list {margin-top:0;margin-bottom:0;} .message-throttle-notice, .message-error {color:#992222;} .message-overflow, .chat small.message-overflow {font-size:0pt;} .message-overflow::before {font-size:9pt;content:'...';} .subtle {color:#3A4A66;}
</style>
<div class="wrapper replay-wrapper" style="max-width:1180px;margin:0 auto">
<input type="hidden" name="replayid" value="gen7ou-788614661" />
<div class="battle"></div><div class="battle-log"></div><div class="replay-controls"></div><div class="replay-controls-2"></div>
<h1 style="font-weight:normal;text-align:center"><strong>[Gen 7] OU</strong><br /><a href="http://pokemonshowdown.com/users/ajaymt" class="subtle" target="_blank">ajaymt</a> vs. <a href="http://pokemonshowdown.com/users/c3vkwkbl" class="subtle" target="_blank">C3vKwKbL</a></h1>
<script type="text/plain" class="battle-log-data">|raw|<div class="broadcast-red"><strong>This battle is invite-only!<\/strong><br \/>Users must be rank + or invited with <code>\/invite<\/code> to join<\/div>
|j|☆ajaymt


|j|☆C3vKwKbL



|player|p1|ajaymt|70



|player|p2|C3vKwKbL|165
|teamsize|p1|6
|teamsize|p2|6
|gametype|singles
|gen|7
|tier|[Gen 7] OU
|rated|
|seed|
|rule|Sleep Clause Mod: Limit one foe put to sleep
|rule|Species Clause: Limit one of each Pokémon
|rule|OHKO Clause: OHKO moves are banned
|rule|Moody Clause: Moody is banned
|rule|Evasion Moves Clause: Evasion moves are banned
|rule|Endless Battle Clause: Forcing endless battles is banned
|rule|HP Percentage Mod: HP is shown in percentages
|clearpoke
|poke|p1|Greninja, M|item
|poke|p1|Mawile, M|item
|poke|p1|Rotom-Wash|item
|poke|p1|Tornadus-Therian, M|item
|poke|p1|Heatran, M|item
|poke|p1|Tangrowth, M|item
|poke|p2|Alomomola, F|item
|poke|p2|Chansey, F|item
|poke|p2|Buzzwole|item
|poke|p2|Hippowdon, F|item
|poke|p2|Sableye, M|item
|poke|p2|Crobat, M|item
|teampreview


|inactive|Time left: 150 sec this turn | 220 sec total


|inactive|Battle timer is ON: inactive players will automatically lose when time's up. (requested by ajaymt)



|
|start
|switch|p1a: Mawile|Mawile, M|286\/286
|switch|p2a: Hippowdon|Hippowdon, F|100\/100
|-ability|p1a: Mawile|Intimidate|boost
|-unboost|p2a: Hippowdon|atk|1
|-weather|Sandstorm|[from] ability: Sand Stream|[of] p2a: Hippowdon
|turn|1


|inactive|Time left: 150 sec this turn | 230 sec total


|inactive|ajaymt has 135 seconds left.



|inactive|ajaymt has 120 seconds left.



|
|switch|p1a: Rotom|Rotom-Wash|304\/304
|move|p2a: Hippowdon|Earthquake|p1a: Rotom
|-immune|p1a: Rotom|[msg]|[from] ability: Levitate
|
|-weather|Sandstorm|[upkeep]
|-damage|p1a: Rotom|285\/304|[from] Sandstorm
|-heal|p1a: Rotom|304\/304|[from] item: Leftovers
|upkeep
|turn|2


|inactive|Time left: 150 sec this turn | 200 sec total


|
|switch|p2a: Chansey|Chansey, F|100\/100
|move|p1a: Rotom|Hydro Pump|p2a: Chansey|[miss]
|-miss|p1a: Rotom|p2a: Chansey
|
|-weather|Sandstorm|[upkeep]
|-damage|p1a: Rotom|285\/304|[from] Sandstorm
|-damage|p2a: Chansey|94\/100|[from] Sandstorm
|-heal|p1a: Rotom|304\/304|[from] item: Leftovers
|upkeep
|turn|3


|inactive|Time left: 150 sec this turn | 210 sec total


|
|move|p1a: Rotom|Volt Switch|p2a: Chansey
|-damage|p2a: Chansey|86\/100


|inactive|Time left: 150 sec this turn | 220 sec total


|
|switch|p1a: Heatran|Heatran, M|323\/323
|move|p2a: Chansey|Stealth Rock|p1a: Heatran
|-sidestart|p1: ajaymt|move: Stealth Rock
|
|-weather|Sandstorm|[upkeep]
|-damage|p2a: Chansey|80\/100|[from] Sandstorm
|upkeep
|turn|4


|inactive|Time left: 150 sec this turn | 225 sec total


|inactive|C3vKwKbL has 135 seconds left.



|
|switch|p2a: Hippowdon|Hippowdon, F|100\/100
|move|p1a: Heatran|Stealth Rock|p2a: Hippowdon
|-sidestart|p2: C3vKwKbL|move: Stealth Rock
|
|-weather|Sandstorm|[upkeep]
|upkeep
|turn|5


|inactive|Time left: 150 sec this turn | 235 sec total


|inactive|ajaymt has 135 seconds left.



|
|switch|p1a: Rotom|Rotom-Wash|304\/304
|-damage|p1a: Rotom|266\/304|[from] Stealth Rock
|move|p2a: Hippowdon|Toxic|p1a: Rotom
|-status|p1a: Rotom|tox
|
|-weather|none
|-heal|p1a: Rotom|285\/304 tox|[from] item: Leftovers
|-damage|p1a: Rotom|266\/304 tox|[from] psn
|upkeep
|turn|6


|inactive|Time left: 150 sec this turn | 230 sec total


|inactive|C3vKwKbL has 135 seconds left.



|inactive|C3vKwKbL has 120 seconds left.



|inactive|C3vKwKbL has 105 seconds left.



|
|switch|p2a: Chansey|Chansey, F|80\/100
|-damage|p2a: Chansey|68\/100|[from] Stealth Rock
|move|p1a: Rotom|Hydro Pump|p2a: Chansey
|-damage|p2a: Chansey|55\/100
|
|-heal|p1a: Rotom|285\/304 tox|[from] item: Leftovers
|-damage|p1a: Rotom|247\/304 tox|[from] psn
|upkeep
|turn|7


|inactive|Time left: 150 sec this turn | 240 sec total


|
|move|p1a: Rotom|Volt Switch|p2a: Chansey
|-damage|p2a: Chansey|48\/100


|inactive|Time left: 150 sec this turn | 250 sec total


|
|switch|p1a: Tangrowth|Tangrowth, M|403\/403
|-damage|p1a: Tangrowth|353\/403|[from] Stealth Rock
|move|p2a: Chansey|Soft-Boiled|p2a: Chansey
|-heal|p2a: Chansey|98\/100
|
|upkeep
|turn|8


|inactive|Time left: 150 sec this turn | 260 sec total


|
|switch|p2a: Crobat|Crobat, M|100\/100
|-damage|p2a: Crobat|76\/100|[from] Stealth Rock
|move|p1a: Tangrowth|Knock Off|p2a: Crobat
|-damage|p2a: Crobat|53\/100
|-enditem|p2a: Crobat|Black Sludge|[from] move: Knock Off|[of] p1a: Tangrowth
|
|upkeep
|turn|9


|inactive|Time left: 150 sec this turn | 270 sec total


|
|switch|p1a: Rotom|Rotom-Wash|247\/304 tox
|-damage|p1a: Rotom|209\/304 tox|[from] Stealth Rock
|move|p2a: Crobat|Defog|p1a: Rotom
|-unboost|p1a: Rotom|evasion|1
|-sideend|p1: ajaymt|Stealth Rock|[from] move: Defog|[of] p1a: Rotom
|-sideend|p2: C3vKwKbL|Stealth Rock|[from] move: Defog|[of] p2a: Crobat
|
|-heal|p1a: Rotom|228\/304 tox|[from] item: Leftovers
|-damage|p1a: Rotom|209\/304 tox|[from] psn
|upkeep
|turn|10


|inactive|Time left: 150 sec this turn | 280 sec total


|inactive|C3vKwKbL has 135 seconds left.



|
|move|p2a: Crobat|Roost|p2a: Crobat
|-heal|p2a: Crobat|100\/100
|move|p1a: Rotom|Volt Switch|p2a: Crobat
|-damage|p2a: Crobat|75\/100


|inactive|Time left: 150 sec this turn | 290 sec total


|
|switch|p1a: Heatran|Heatran, M|323\/323
|
|upkeep
|turn|11


|inactive|Time left: 150 sec this turn | 295 sec total


|
|switch|p2a: Hippowdon|Hippowdon, F|100\/100
|-weather|Sandstorm|[from] ability: Sand Stream|[of] p2a: Hippowdon
|move|p1a: Heatran|Stealth Rock|p2a: Hippowdon
|-sidestart|p2: C3vKwKbL|move: Stealth Rock
|
|-weather|Sandstorm|[upkeep]
|upkeep
|turn|12


|inactive|Time left: 150 sec this turn | 305 sec total


|
|switch|p1a: Rotom|Rotom-Wash|209\/304 tox
|move|p2a: Hippowdon|Earthquake|p1a: Rotom
|-immune|p1a: Rotom|[msg]|[from] ability: Levitate
|
|-weather|Sandstorm|[upkeep]
|-damage|p1a: Rotom|190\/304 tox|[from] Sandstorm
|-heal|p1a: Rotom|209\/304 tox|[from] item: Leftovers
|-damage|p1a: Rotom|190\/304 tox|[from] psn
|upkeep
|turn|13


|inactive|Time left: 150 sec this turn | 310 sec total


|
|switch|p2a: Chansey|Chansey, F|98\/100
|-damage|p2a: Chansey|85\/100|[from] Stealth Rock
|move|p1a: Rotom|Hydro Pump|p2a: Chansey
|-damage|p2a: Chansey|74\/100
|
|-weather|Sandstorm|[upkeep]
|-damage|p1a: Rotom|171\/304 tox|[from] Sandstorm
|-damage|p2a: Chansey|68\/100|[from] Sandstorm
|-heal|p1a: Rotom|190\/304 tox|[from] item: Leftovers
|-damage|p1a: Rotom|152\/304 tox|[from] psn
|upkeep
|turn|14


|inactive|Time left: 150 sec this turn | 320 sec total


|
|switch|p1a: Mawile|Mawile, M|286\/286
|-ability|p1a: Mawile|Intimidate|boost
|-unboost|p2a: Chansey|atk|1
|move|p2a: Chansey|Seismic Toss|p1a: Mawile
|-damage|p1a: Mawile|186\/286
|
|-weather|Sandstorm|[upkeep]
|-damage|p2a: Chansey|62\/100|[from] Sandstorm
|upkeep
|turn|15


|inactive|Time left: 150 sec this turn | 330 sec total


|
|switch|p2a: Hippowdon|Hippowdon, F|100\/100
|-damage|p2a: Hippowdon|94\/100|[from] Stealth Rock
|detailschange|p1a: Mawile|Mawile-Mega, M
|-mega|p1a: Mawile|Mawile|Mawilite
|move|p1a: Mawile|Play Rough|p2a: Hippowdon
|-damage|p2a: Hippowdon|44\/100
|
|-weather|none
|-heal|p2a: Hippowdon|50\/100|[from] item: Leftovers
|upkeep
|turn|16


|inactive|Time left: 150 sec this turn | 335 sec total


|inactive|C3vKwKbL has 135 seconds left.



|
|move|p1a: Mawile|Play Rough|p2a: Hippowdon
|-damage|p2a: Hippowdon|0
|faint|p2a: Hippowdon
|
|upkeep


|inactive|Time left: 150 sec this turn | 345 sec total


|inactive|C3vKwKbL has 135 seconds left.



|c|☆C3vKwKbL|yeah w\/e



|c|☆C3vKwKbL|Mega Mawilwe's gay



|c|☆C3vKwKbL|I hope you're proud of yourself kiddo



|inactive|C3vKwKbL has 120 seconds left.



|-message|C3vKwKbL forfeited.



|
|win|ajaymt


|inactive|Time left: 150 sec this turn | 355 sec total

||Ladder updating...


|l|☆C3vKwKbL



|raw|ajaymt's rating: 1716 &rarr; <strong>1726<\/strong><br \/>(+10 for winning)
|raw|C3vKwKbL's rating: 1517 &rarr; <strong>1507<\/strong><br \/>(-10 for losing)



|c|☆ajaymt|> stall

</script>
</div>
<div class="battle-log battle-log-inline"><div class="inner"><div class="chat"><div class="broadcast-red"><strong>This battle is invite-only!</strong><br>Users must be rank + or invited with <code>/invite</code> to join</div></div><div class="chat"><small>☆ajaymt joined.</small></div><div class="chat"><small>☆C3vKwKbL joined.</small></div><div style="padding:5px 0"><small>Format:</small> <br><strong>[Gen 7] OU</strong></div><div class="rated"><strong>Rated battle</strong></div><div><small><em>Sleep Clause Mod:</em> Limit one foe put to sleep</small></div><div><small><em>Species Clause:</em> Limit one of each Pokémon</small></div><div><small><em>OHKO Clause:</em> OHKO moves are banned</small></div><div><small><em>Moody Clause:</em> Moody is banned</small></div><div><small><em>Evasion Moves Clause:</em> Evasion moves are banned</small></div><div><small><em>Endless Battle Clause:</em> Forcing endless battles is banned</small></div><div><small><em>HP Percentage Mod:</em> HP is shown in percentages</small></div><div class="chat battle-history"><strong>ajaymt's team:</strong> <em style="color:#445566;display:block;">Greninja / Mawile / Rotom-Wash / Tornadus-Therian / Heatran / Tangrowth</em></div><div class="chat battle-history"><strong>C3vKwKbL's team:</strong> <em style="color:#445566;display:block;">Alomomola / Chansey / Buzzwole / Hippowdon / Sableye / Crobat</em></div><div class="chat message-error">Battle timer is ON: inactive players will automatically lose when time's up. (requested by ajaymt)</div><div>Battle between ajaymt and C3vKwKbL started!</div><div class="spacer battle-history"></div><div class="battle-history">Go! Mawile!</div><div class="spacer battle-history"></div><div class="battle-history">C3vKwKbL sent out Hippowdon!</div><div class="battle-history"><small>[<span class="battle-nickname" title="Mawile">Mawile</span>'s Intimidate!]</small></div><div class="battle-history"><small>The opposing <span class="battle-nickname-foe" title="Hippowdon">Hippowdon</span>'s Attack fell! </small></div><div class="battle-history"><small>[Opposing <span class="battle-nickname-foe" title="Hippowdon">Hippowdon</span>'s Sand Stream!]</small></div><div class="battle-history"><small>A sandstorm kicked up!</small></div><h2 class="battle-history">Turn 1</h2><div class="chat message-error">ajaymt has 135 seconds left.</div><div class="chat message-error">ajaymt has 120 seconds left.</div><div class="spacer battle-history"></div><div class="battle-history"><span class="battle-nickname" title="Mawile">Mawile</span>, come back!</div><div class="battle-history">Go! <span class="battle-nickname" title="Rotom-Wash">Rotom <small>(Rotom-Wash)</small></span>!</div><div class="spacer battle-history"></div><div class="battle-history">The opposing <span class="battle-nickname-foe" title="Hippowdon">Hippowdon</span> used <strong>Earthquake</strong>!</div><div class="battle-history"><small>[<span class="battle-nickname" title="Rotom-Wash">Rotom</span>'s Levitate!]</small></div><div class="battle-history"><small>It doesn't affect <span class="battle-nickname" title="Rotom-Wash">Rotom</span>... </small></div><div class="spacer battle-history"></div><div class="battle-history"><div><small>The sandstorm is raging.</small></div></div><div class="battle-history"><small><span class="battle-nickname" title="Rotom-Wash">Rotom</span> is buffeted by the sandstorm! </small></div><div class="battle-history"><small><span class="battle-nickname" title="Rotom-Wash">Rotom</span> restored a little HP using its Leftovers!</small></div><h2 class="battle-history">Turn 2</h2><div class="spacer battle-history"></div><div class="battle-history">C3vKwKbL withdrew Hippowdon!</div><div class="battle-history">C3vKwKbL sent out Chansey!</div><div class="spacer battle-history"></div><div class="battle-history"><span class="battle-nickname" title="Rotom-Wash">Rotom</span> used <strong>Hydro Pump</strong>!</div><div class="battle-history"><small>The opposing <span class="battle-nickname-foe" title="Chansey">Chansey</span> avoided the attack!</small></div><div class="spacer battle-history"></div><div class="battle-history"><div><small>The sandstorm is raging.</small></div></div><div class="battle-history"><small><span class="battle-nickname" title="Rotom-Wash">Rotom</span> is buffeted by the sandstorm! <br>The opposing <span class="battle-nickname-foe" title="Chansey">Chansey</span> is buffeted by the sandstorm! </small></div><div class="battle-history"><small><span class="battle-nickname" title="Rotom-Wash">Rotom</span> restored a little HP using its Leftovers!</small></div><h2 class="battle-history">Turn 3</h2><div class="spacer battle-history"></div><div class="battle-history"><span class="battle-nickname" title="Rotom-Wash">Rotom</span> used <strong>Volt Switch</strong>!</div><div class="battle-history"><small>The opposing <span class="battle-nickname-foe" title="Chansey">Chansey</span> lost 8% of its health!</small><br></div><div class="spacer battle-history"></div><div class="battle-history"><span class="battle-nickname" title="Rotom-Wash">Rotom</span> went back to ajaymt!</div><div class="battle-history">Go! Heatran!</div><div class="spacer battle-history"></div><div class="battle-history">The opposing <span class="battle-nickname-foe" title="Chansey">Chansey</span> used <strong>Stealth Rock</strong>!</div><div class="battle-history"><small>Pointed stones float in the air around your team!</small></div><div class="spacer battle-history"></div><div class="battle-history"><div><small>The sandstorm is raging.</small></div></div><div class="battle-history"><small>The opposing <span class="battle-nickname-foe" title="Chansey">Chansey</span> is buffeted by the sandstorm! </small></div><h2 class="battle-history">Turn 4</h2><div class="chat message-error">C3vKwKbL has 135 seconds left.</div><div class="spacer battle-history"></div><div class="battle-history">C3vKwKbL withdrew Chansey!</div><div class="battle-history">C3vKwKbL sent out Hippowdon!</div><div class="spacer battle-history"></div><div class="battle-history"><span class="battle-nickname" title="Heatran">Heatran</span> used <strong>Stealth Rock</strong>!</div><div class="battle-history"><small>Pointed stones float in the air around the opposing team!</small></div><div class="spacer battle-history"></div><div class="battle-history"><div><small>The sandstorm is raging.</small></div></div><h2 class="battle-history">Turn 5</h2><div class="chat message-error">ajaymt has 135 seconds left.</div><div class="spacer battle-history"></div><div class="battle-history"><span class="battle-nickname" title="Heatran">Heatran</span>, come back!</div><div class="battle-history">Go! <span class="battle-nickname" title="Rotom-Wash">Rotom <small>(Rotom-Wash)</small></span>!</div><div class="battle-history"><small>Pointed stones dug into <span class="battle-nickname" title="Rotom-Wash">Rotom</span>! </small></div><div class="spacer battle-history"></div><div class="battle-history">The opposing <span class="battle-nickname-foe" title="Hippowdon">Hippowdon</span> used <strong>Toxic</strong>!</div><div class="battle-history"><small><span class="battle-nickname" title="Rotom-Wash">Rotom</span> was badly poisoned!</small></div><div class="spacer battle-history"></div><div class="battle-history"><small>The sandstorm subsided.</small></div><div class="battle-history"><small><span class="battle-nickname" title="Rotom-Wash">Rotom</span> restored a little HP using its Leftovers!</small></div><div class="battle-history"><small><span class="battle-nickname" title="Rotom-Wash">Rotom</span> was hurt by poison! </small></div><h2 class="battle-history">Turn 6</h2><div class="chat message-error">C3vKwKbL has 135 seconds left.</div><div class="chat message-error">C3vKwKbL has 120 seconds left.</div><div class="chat message-error">C3vKwKbL has 105 seconds left.</div><div class="spacer battle-history"></div><div class="battle-history">C3vKwKbL withdrew Hippowdon!</div><div class="battle-history">C3vKwKbL sent out Chansey!</div><div class="battle-history"><small>Pointed stones dug into the opposing <span class="battle-nickname-foe" title="Chansey">Chansey</span>! </small></div><div class="spacer battle-history"></div><div class="battle-history"><span class="battle-nickname" title="Rotom-Wash">Rotom</span> used <strong>Hydro Pump</strong>!</div><div class="battle-history"><small>The opposing <span class="battle-nickname-foe" title="Chansey">Chansey</span> lost 13% of its health!</small><br></div><div class="spacer battle-history"></div><div class="battle-history"><small><span class="battle-nickname" title="Rotom-Wash">Rotom</span> restored a little HP using its Leftovers!</small></div><div class="battle-history"><small><span class="battle-nickname" title="Rotom-Wash">Rotom</span> was hurt by poison! </small></div><h2 class="battle-history">Turn 7</h2><div class="spacer battle-history"></div><div class="battle-history"><span class="battle-nickname" title="Rotom-Wash">Rotom</span> used <strong>Volt Switch</strong>!</div><div class="battle-history"><small>The opposing <span class="battle-nickname-foe" title="Chansey">Chansey</span> lost 7% of its health!</small><br></div><div class="spacer battle-history"></div><div class="battle-history"><span class="battle-nickname" title="Rotom-Wash">Rotom</span> went back to ajaymt!</div><div class="battle-history">Go! Tangrowth!</div><div class="battle-history"><small>Pointed stones dug into <span class="battle-nickname" title="Tangrowth">Tangrowth</span>! </small></div><div class="spacer battle-history"></div><div class="battle-history">The opposing <span class="battle-nickname-foe" title="Chansey">Chansey</span> used <strong>Soft-Boiled</strong>!</div><div class="battle-history"><small>The opposing <span class="battle-nickname-foe" title="Chansey">Chansey</span> restored its HP.</small></div><h2 class="battle-history">Turn 8</h2><div class="spacer battle-history"></div><div class="battle-history">C3vKwKbL withdrew Chansey!</div><div class="battle-history">C3vKwKbL sent out Crobat!</div><div class="battle-history"><small>Pointed stones dug into the opposing <span class="battle-nickname-foe" title="Crobat">Crobat</span>! </small></div><div class="spacer battle-history"></div><div class="battle-history"><span class="battle-nickname" title="Tangrowth">Tangrowth</span> used <strong>Knock Off</strong>!</div><div class="battle-history"><small>The opposing <span class="battle-nickname-foe" title="Crobat">Crobat</span> lost 23% of its health!</small><br></div><div class="battle-history"><small><span class="battle-nickname" title="Tangrowth">Tangrowth</span> knocked off the opposing <span class="battle-nickname-foe" title="Crobat">Crobat</span>'s Black Sludge!</small></div><h2 class="battle-history">Turn 9</h2><div class="spacer battle-history"></div><div class="battle-history"><span class="battle-nickname" title="Tangrowth">Tangrowth</span>, come back!</div><div class="battle-history">Go! <span class="battle-nickname" title="Rotom-Wash">Rotom <small>(Rotom-Wash)</small></span>!</div><div class="battle-history"><small>Pointed stones dug into <span class="battle-nickname" title="Rotom-Wash">Rotom</span>! </small></div><div class="spacer battle-history"></div><div class="battle-history">The opposing <span class="battle-nickname-foe" title="Crobat">Crobat</span> used <strong>Defog</strong>!</div><div class="battle-history"><small><span class="battle-nickname" title="Rotom-Wash">Rotom</span>'s evasiveness fell! </small></div><div class="battle-history"><small>The pointed stones disappeared from around your team!</small></div><div class="battle-history"><small>The pointed stones disappeared from around the opposing team!</small></div><div class="spacer battle-history"></div><div class="battle-history"><small><span class="battle-nickname" title="Rotom-Wash">Rotom</span> restored a little HP using its Leftovers!</small></div><div class="battle-history"><small><span class="battle-nickname" title="Rotom-Wash">Rotom</span> was hurt by poison! </small></div><h2 class="battle-history">Turn 10</h2><div class="chat message-error">C3vKwKbL has 135 seconds left.</div><div class="spacer battle-history"></div><div class="battle-history">The opposing <span class="battle-nickname-foe" title="Crobat">Crobat</span> used <strong>Roost</strong>!</div><div class="battle-history"><small>The opposing <span class="battle-nickname-foe" title="Crobat">Crobat</span> restored its HP.</small></div><div class="spacer battle-history"></div><div class="battle-history"><span class="battle-nickname" title="Rotom-Wash">Rotom</span> used <strong>Volt Switch</strong>!</div><div class="battle-history"><small>The opposing <span class="battle-nickname-foe" title="Crobat">Crobat</span> lost 25% of its health!</small><br></div><div class="spacer battle-history"></div><div class="battle-history"><span class="battle-nickname" title="Rotom-Wash">Rotom</span> went back to ajaymt!</div><div class="battle-history">Go! Heatran!</div><h2 class="battle-history">Turn 11</h2><div class="spacer battle-history"></div><div class="battle-history">C3vKwKbL withdrew Crobat!</div><div class="battle-history">C3vKwKbL sent out Hippowdon!</div><div class="battle-history"><small>[Opposing <span class="battle-nickname-foe" title="Hippowdon">Hippowdon</span>'s Sand Stream!]</small></div><div class="battle-history"><small>A sandstorm kicked up!</small></div><div class="spacer battle-history"></div><div class="battle-history"><span class="battle-nickname" title="Heatran">Heatran</span> used <strong>Stealth Rock</strong>!</div><div class="battle-history"><small>Pointed stones float in the air around the opposing team!</small></div><div class="spacer battle-history"></div><div class="battle-history"><div><small>The sandstorm is raging.</small></div></div><h2 class="battle-history">Turn 12</h2><div class="spacer battle-history"></div><div class="battle-history"><span class="battle-nickname" title="Heatran">Heatran</span>, come back!</div><div class="battle-history">Go! <span class="battle-nickname" title="Rotom-Wash">Rotom <small>(Rotom-Wash)</small></span>!</div><div class="spacer battle-history"></div><div class="battle-history">The opposing <span class="battle-nickname-foe" title="Hippowdon">Hippowdon</span> used <strong>Earthquake</strong>!</div><div class="battle-history"><small>[<span class="battle-nickname" title="Rotom-Wash">Rotom</span>'s Levitate!]</small></div><div class="battle-history"><small>It doesn't affect <span class="battle-nickname" title="Rotom-Wash">Rotom</span>... </small></div><div class="spacer battle-history"></div><div class="battle-history"><div><small>The sandstorm is raging.</small></div></div><div class="battle-history"><small><span class="battle-nickname" title="Rotom-Wash">Rotom</span> is buffeted by the sandstorm! </small></div><div class="battle-history"><small><span class="battle-nickname" title="Rotom-Wash">Rotom</span> restored a little HP using its Leftovers!</small></div><div class="battle-history"><small><span class="battle-nickname" title="Rotom-Wash">Rotom</span> was hurt by poison! </small></div><h2 class="battle-history">Turn 13</h2><div class="spacer battle-history"></div><div class="battle-history">C3vKwKbL withdrew Hippowdon!</div><div class="battle-history">C3vKwKbL sent out Chansey!</div><div class="battle-history"><small>Pointed stones dug into the opposing <span class="battle-nickname-foe" title="Chansey">Chansey</span>! </small></div><div class="spacer battle-history"></div><div class="battle-history"><span class="battle-nickname" title="Rotom-Wash">Rotom</span> used <strong>Hydro Pump</strong>!</div><div class="battle-history"><small>The opposing <span class="battle-nickname-foe" title="Chansey">Chansey</span> lost 11% of its health!</small><br></div><div class="spacer battle-history"></div><div class="battle-history"><div><small>The sandstorm is raging.</small></div></div><div class="battle-history"><small><span class="battle-nickname" title="Rotom-Wash">Rotom</span> is buffeted by the sandstorm! <br>The opposing <span class="battle-nickname-foe" title="Chansey">Chansey</span> is buffeted by the sandstorm! </small></div><div class="battle-history"><small><span class="battle-nickname" title="Rotom-Wash">Rotom</span> restored a little HP using its Leftovers!</small></div><div class="battle-history"><small><span class="battle-nickname" title="Rotom-Wash">Rotom</span> was hurt by poison! </small></div><h2 class="battle-history">Turn 14</h2><div class="spacer battle-history"></div><div class="battle-history"><span class="battle-nickname" title="Rotom-Wash">Rotom</span>, come back!</div><div class="battle-history">Go! Mawile!</div><div class="battle-history"><small>[<span class="battle-nickname" title="Mawile">Mawile</span>'s Intimidate!]</small></div><div class="battle-history"><small>The opposing <span class="battle-nickname-foe" title="Chansey">Chansey</span>'s Attack fell! </small></div><div class="spacer battle-history"></div><div class="battle-history">The opposing <span class="battle-nickname-foe" title="Chansey">Chansey</span> used <strong>Seismic Toss</strong>!</div><div class="battle-history"><small><span class="battle-nickname" title="Mawile">Mawile</span> lost <abbr title="−100/286">35.0%</abbr> of its health!</small><br></div><div class="spacer battle-history"></div><div class="battle-history"><div><small>The sandstorm is raging.</small></div></div><div class="battle-history"><small>The opposing <span class="battle-nickname-foe" title="Chansey">Chansey</span> is buffeted by the sandstorm! </small></div><h2 class="battle-history">Turn 15</h2><div class="spacer battle-history"></div><div class="battle-history">C3vKwKbL withdrew Chansey!</div><div class="battle-history">C3vKwKbL sent out Hippowdon!</div><div class="battle-history"><small>Pointed stones dug into the opposing <span class="battle-nickname-foe" title="Hippowdon">Hippowdon</span>! </small></div><div class="battle-history"><small><span class="battle-nickname" title="Mawile-Mega">Mawile</span>'s Mawilite is reacting to the Key Stone!<br><span class="battle-nickname" title="Mawile-Mega">Mawile</span> has Mega Evolved into Mega Mawile!</small></div><div class="spacer battle-history"></div><div class="battle-history"><span class="battle-nickname" title="Mawile-Mega">Mawile</span> used <strong>Play Rough</strong>!</div><div class="battle-history"><small>The opposing <span class="battle-nickname-foe" title="Hippowdon">Hippowdon</span> lost 50% of its health!</small><br></div><div class="spacer battle-history"></div><div class="battle-history"><small>The sandstorm subsided.</small></div><div class="battle-history"><small>The opposing <span class="battle-nickname-foe" title="Hippowdon">Hippowdon</span> restored a little HP using its Leftovers!</small></div><h2 class="battle-history">Turn 16</h2><div class="chat message-error">C3vKwKbL has 135 seconds left.</div><div class="spacer battle-history"></div><div class="battle-history"><span class="battle-nickname" title="Mawile-Mega">Mawile</span> used <strong>Play Rough</strong>!</div><div class="battle-history"><small>The opposing <span class="battle-nickname-foe" title="Hippowdon">Hippowdon</span> lost 50% of its health!</small><br></div><div class="spacer battle-history"></div><div class="battle-history">The opposing <span class="battle-nickname-foe" title="Hippowdon">Hippowdon</span> fainted!</div><div class="chat message-error">C3vKwKbL has 135 seconds left.</div><div class="chat chatmessage-c3vkwkbl"><strong style="color:hsl(143,77%,36%);"><small>☆</small><span class="username" data-name="C3vKwKbL">C3vKwKbL</span>:</strong> <em>yeah w/e</em></div><div class="chat chatmessage-c3vkwkbl"><strong style="color:hsl(143,77%,36%);"><small>☆</small><span class="username" data-name="C3vKwKbL">C3vKwKbL</span>:</strong> <em>Mega Mawilwe's gay</em></div><div class="chat chatmessage-c3vkwkbl"><strong style="color:hsl(143,77%,36%);"><small>☆</small><span class="username" data-name="C3vKwKbL">C3vKwKbL</span>:</strong> <em>I hope you're proud of yourself kiddo</em></div><div class="chat message-error">C3vKwKbL has 120 seconds left.</div><div class="spacer battle-history"></div><div class="battle-history"><small>C3vKwKbL forfeited.</small></div><div class="spacer battle-history"></div><div class="battle-history">ajaymt won the battle!</div><div class="chat">Ladder updating...</div><div class="chat"><small>☆C3vKwKbL left.</small></div><div class="chat">ajaymt's rating: 1716 → <strong>1726</strong><br>(+10 for winning)</div><div class="chat">C3vKwKbL's rating: 1517 → <strong>1507</strong><br>(-10 for losing)</div><div class="chat chatmessage-ajaymt mine"><strong style="color:hsl(189,67%,43%);"><small>☆</small><span class="username" data-name="ajaymt">ajaymt</span>:</strong> <em><span class="greentext">&gt; stall</span></em></div></div></div>
</div>
<script>
let daily = Math.floor(Date.now()/1000/60/60/24);document.write('<script src="https://play.pokemonshowdown.com/js/replay-embed.js?version'+daily+'"></'+'script>');
</script>
