<!DOCTYPE html>
<meta charset="utf-8" />
<!-- version 1 -->
<title>[Gen 7] Battle Factory replay: ass grabbin vs. Ogalbina</title>
<style>
html,body {font-family:Verdana, sans-serif;font-size:10pt;margin:0;padding:0;}body{padding:12px 0;} .battle-log {font-family:Verdana, sans-serif;font-size:10pt;} .battle-log-inline {border:1px solid #AAAAAA;background:#EEF2F5;color:black;max-width:640px;margin:0 auto 80px;padding-bottom:5px;} .battle-log .inner {padding:4px 8px 0px 8px;} .battle-log .inner-preempt {padding:0 8px 4px 8px;} .battle-log .inner-after {margin-top:0.5em;} .battle-log h2 {margin:0.5em -8px;padding:4px 8px;border:1px solid #AAAAAA;background:#E0E7EA;border-left:0;border-right:0;font-family:Verdana, sans-serif;font-size:13pt;} .battle-log .chat {vertical-align:middle;padding:3px 0 3px 0;font-size:8pt;} .battle-log .chat strong {color:#40576A;} .battle-log .chat em {padding:1px 4px 1px 3px;color:#000000;font-style:normal;} .chat.mine {background:rgba(0,0,0,0.05);margin-left:-8px;margin-right:-8px;padding-left:8px;padding-right:8px;} .spoiler {color:#BBBBBB;background:#BBBBBB;padding:0px 3px;} .spoiler:hover, .spoiler:active, .spoiler-shown {color:#000000;background:#E2E2E2;padding:0px 3px;} .spoiler a {color:#BBBBBB;} .spoiler:hover a, .spoiler:active a, .spoiler-shown a {color:#2288CC;} .chat code, .chat .spoiler:hover code, .chat .spoiler:active code, .chat .spoiler-shown code {border:1px solid #C0C0C0;background:#EEEEEE;color:black;padding:0 2px;} .chat .spoiler code {border:1px solid #CCCCCC;background:#CCCCCC;color:#CCCCCC;} .battle-log .rated {padding:3px 4px;} .battle-log .rated strong {color:white;background:#89A;padding:1px 4px;border-radius:4px;} .spacer {margin-top:0.5em;} .message-announce {background:#6688AA;color:white;padding:1px 4px 2px;} .message-announce a, .broadcast-green a, .broadcast-blue a, .broadcast-red a {color:#DDEEFF;} .broadcast-green {background-color:#559955;color:white;padding:2px 4px;} .broadcast-blue {background-color:#6688AA;color:white;padding:2px 4px;} .infobox {border:1px solid #6688AA;padding:2px 4px;} .infobox-limited {max-height:200px;overflow:auto;overflow-x:hidden;} .broadcast-red {background-color:#AA5544;color:white;padding:2px 4px;} .message-learn-canlearn {font-weight:bold;color:#228822;text-decoration:underline;} .message-learn-cannotlearn {font-weight:bold;color:#CC2222;text-decoration:underline;} .message-effect-weak {font-weight:bold;color:#CC2222;} .message-effect-resist {font-weight:bold;color:#6688AA;} .message-effect-immune {font-weight:bold;color:#666666;} .message-learn-list {margin-top:0;margin-bottom:0;} .message-throttle-notice, .message-error {color:#992222;} .message-overflow, .chat small.message-overflow {font-size:0pt;} .message-overflow::before {font-size:9pt;content:'...';} .subtle {color:#3A4A66;}
</style>
<div class="wrapper replay-wrapper" style="max-width:1180px;margin:0 auto">
<input type="hidden" name="replayid" value="gen7battlefactory-725489390" />
<div class="battle"></div><div class="battle-log"></div><div class="replay-controls"></div><div class="replay-controls-2"></div>
<h1 style="font-weight:normal;text-align:center"><strong>[Gen 7] Battle Factory</strong><br /><a href="http://pokemonshowdown.com/users/assgrabbin" class="subtle" target="_blank">ass grabbin</a> vs. <a href="http://pokemonshowdown.com/users/ogalbina" class="subtle" target="_blank">Ogalbina</a></h1>
<script type="text/plain" class="battle-log-data">|j|☆ass grabbin


|j|☆Ogalbina



|player|p1|ass grabbin|70



|player|p2|Ogalbina|170
|teamsize|p1|6
|teamsize|p2|6
|gametype|singles
|gen|7
|tier|[Gen 7] Battle Factory
|rated|
|seed|
|rule|Sleep Clause Mod: Limit one foe put to sleep
|clearpoke
|poke|p1|Tapu Koko|item
|poke|p1|Ditto|item
|poke|p1|Mawile, F|item
|poke|p1|Serperior, M|item
|poke|p1|Bisharp, M|item
|poke|p1|Gastrodon, F|item
|poke|p2|Pinsir, M|item
|poke|p2|Alomomola, M|item
|poke|p2|Tangrowth, M|item
|poke|p2|Chansey, F|item
|poke|p2|Dragonite, M|item
|poke|p2|Landorus-Therian, M|item
|rule|HP Percentage Mod: HP is shown in percentages
|rule|Mega Rayquaza Clause: You cannot mega evolve Rayquaza
|teampreview



|
|start
|switch|p1a: Tapu Koko|Tapu Koko|281\/281
|switch|p2a: Chansey|Chansey, F|100\/100
|-fieldstart|move: Electric Terrain|[from] ability: Electric Surge|[of] p1a: Tapu Koko
|turn|1



|
|move|p1a: Tapu Koko|Volt Switch|p2a: Chansey
|-damage|p2a: Chansey|79\/100



|
|switch|p1a: Bisharp|Bisharp, M|271\/271
|move|p2a: Chansey|Stealth Rock|p1a: Bisharp
|-sidestart|p1: ass grabbin|move: Stealth Rock
|
|upkeep
|turn|2


|inactive|Time left: 150 sec this turn | 220 sec total


|inactive|Battle timer is ON: inactive players will automatically lose when time's up. (requested by ass grabbin)



|inactive|Ogalbina has 135 seconds left.



|
|switch|p2a: Tangrowth|Tangrowth, M|100\/100
|move|p1a: Bisharp|Swords Dance|p1a: Bisharp
|-boost|p1a: Bisharp|atk|2
|
|upkeep
|turn|3


|inactive|Time left: 150 sec this turn | 230 sec total


|
|-zpower|p1a: Bisharp
|move|p1a: Bisharp|Black Hole Eclipse|p2a: Tangrowth|[zeffect]
|-damage|p2a: Tangrowth|0 fnt
|faint|p2a: Tangrowth
|
|upkeep


|inactive|Time left: 150 sec this turn | 235 sec total


|
|switch|p2a: Alomomola|Alomomola, M|100\/100
|turn|4


|inactive|Time left: 150 sec this turn | 245 sec total


|
|move|p1a: Bisharp|Knock Off|p2a: Alomomola
|-damage|p2a: Alomomola|33\/100
|-enditem|p2a: Alomomola|Leftovers|[from] move: Knock Off|[of] p1a: Bisharp
|move|p2a: Alomomola|Wish|p2a: Alomomola
|
|upkeep
|turn|5


|inactive|Time left: 150 sec this turn | 255 sec total


|
|move|p2a: Alomomola|Protect|p2a: Alomomola
|-singleturn|p2a: Alomomola|Protect
|move|p1a: Bisharp|Swords Dance|p1a: Bisharp
|-boost|p1a: Bisharp|atk|2
|
|-heal|p2a: Alomomola|83\/100|[from] move: Wish|[wisher] Alomomola
|-fieldend|move: Electric Terrain
|upkeep
|turn|6


|inactive|Time left: 150 sec this turn | 260 sec total


|
|switch|p1a: Gastrodon|Gastrodon, F|425\/425
|-damage|p1a: Gastrodon|399\/425|[from] Stealth Rock
|move|p2a: Alomomola|Wish|p2a: Alomomola
|
|-heal|p1a: Gastrodon|425\/425|[from] item: Leftovers
|upkeep
|turn|7


|inactive|Time left: 150 sec this turn | 260 sec total


|inactive|Ogalbina has 135 seconds left.



|
|move|p2a: Alomomola|Toxic|p1a: Gastrodon
|-status|p1a: Gastrodon|tox
|move|p1a: Gastrodon|Toxic|p2a: Alomomola
|-status|p2a: Alomomola|tox
|
|-heal|p2a: Alomomola|100\/100 tox|[from] move: Wish|[wisher] Alomomola
|-damage|p2a: Alomomola|94\/100 tox|[from] psn
|-damage|p1a: Gastrodon|399\/425 tox|[from] psn
|upkeep
|turn|8


|inactive|Time left: 150 sec this turn | 270 sec total


|inactive|ass grabbin has 135 seconds left.



|inactive|Ogalbina has 135 seconds left.



|
|switch|p2a: Chansey|Chansey, F|79\/100
|move|p1a: Gastrodon|Earthquake|p2a: Chansey
|-damage|p2a: Chansey|61\/100
|
|-heal|p1a: Gastrodon|425\/425 tox|[from] item: Leftovers
|-damage|p1a: Gastrodon|373\/425 tox|[from] psn
|upkeep
|turn|9


|inactive|Time left: 150 sec this turn | 265 sec total


|
|switch|p1a: Mawile|Mawile, F|264\/264
|-damage|p1a: Mawile|248\/264|[from] Stealth Rock
|move|p2a: Chansey|Soft-Boiled|p2a: Chansey
|-heal|p2a: Chansey|100\/100
|
|upkeep
|turn|10


|inactive|Time left: 150 sec this turn | 275 sec total


|
|switch|p2a: Landorus|Landorus-Therian, M|100\/100
|-ability|p2a: Landorus|Intimidate|boost
|-fail|p1a: Mawile|unboost|Attack|[from] ability: Hyper Cutter|[of] p1a: Mawile
|-mega|p1a: Mawile|Mawile|Mawilite
|detailschange|p1a: Mawile|Mawile-Mega, F
|move|p1a: Mawile|Ice Punch|p2a: Landorus
|-supereffective|p2a: Landorus
|-damage|p2a: Landorus|0 fnt
|faint|p2a: Landorus
|
|upkeep


|inactive|Time left: 150 sec this turn | 285 sec total


|inactive|Ogalbina has 135 seconds left.



|
|switch|p2a: Alomomola|Alomomola, M|100\/100 tox
|turn|11


|inactive|Time left: 150 sec this turn | 295 sec total


|
|move|p1a: Mawile|Thunder Punch|p2a: Alomomola
|-supereffective|p2a: Alomomola
|-damage|p2a: Alomomola|45\/100 tox
|move|p2a: Alomomola|Scald|p1a: Mawile
|-damage|p1a: Mawile|203\/264
|
|-damage|p2a: Alomomola|39\/100 tox|[from] psn
|upkeep
|turn|12


|inactive|Time left: 150 sec this turn | 305 sec total


|
|move|p1a: Mawile|Thunder Punch|p2a: Alomomola
|-supereffective|p2a: Alomomola
|-crit|p2a: Alomomola
|-damage|p2a: Alomomola|0 fnt
|faint|p2a: Alomomola
|
|upkeep


|inactive|Time left: 150 sec this turn | 310 sec total


|inactive|Ogalbina has 135 seconds left.



|
|switch|p2a: Dragonite|Dragonite, M|100\/100
|turn|13


|inactive|Time left: 150 sec this turn | 320 sec total


|
|move|p2a: Dragonite|Fire Punch|p1a: Mawile
|-supereffective|p1a: Mawile
|-damage|p1a: Mawile|49\/264
|move|p1a: Mawile|Ice Punch|p2a: Dragonite
|-supereffective|p2a: Dragonite
|-crit|p2a: Dragonite
|-damage|p2a: Dragonite|0 fnt
|faint|p2a: Dragonite
|
|upkeep


|inactive|Time left: 150 sec this turn | 330 sec total


|c|☆Ogalbina|lmaoooooooo



|-message|Ogalbina forfeited.



|
|win|ass grabbin


|inactive|Time left: 150 sec this turn | 340 sec total

||Ladder updating...


|l|☆Ogalbina



|raw|ass grabbin's rating: 1148 &rarr; <strong>1171<\/strong><br \/>(+23 for winning)
|raw|Ogalbina's rating: 1118 &rarr; <strong>1095<\/strong><br \/>(-23 for losing)

</script>
</div>
<div class="battle-log battle-log-inline"><div class="inner"><div class="chat"><small>☆ass grabbin joined.</small></div><div class="chat"><small>☆Ogalbina joined.</small></div><div style="padding:5px 0"><small>Format:</small> <br><strong>[Gen 7] Battle Factory</strong></div><div class="rated"><strong>Rated battle</strong></div><div><small><em>Sleep Clause Mod:</em> Limit one foe put to sleep</small></div><div><small><em>HP Percentage Mod:</em> HP is shown in percentages</small></div><div><small><em>Mega Rayquaza Clause:</em> You cannot mega evolve Rayquaza</small></div><div class="chat"><strong>ass grabbin's team:</strong> <em style="color:#445566;display:block;">Tapu Koko / Ditto / Mawile / Serperior / Bisharp / Gastrodon</em></div><div class="chat"><strong>Ogalbina's team:</strong> <em style="color:#445566;display:block;">Pinsir / Alomomola / Tangrowth / Chansey / Dragonite / Landorus-Therian</em></div><div>Battle between ass grabbin and Ogalbina started!</div><div class="spacer battle-history"></div><div class="battle-history">Go! Tapu Koko!</div><div class="spacer battle-history"></div><div class="battle-history">Ogalbina sent out Chansey!</div><div class="battle-history"><small>[<span class="battle-nickname" title="Tapu Koko">Tapu Koko</span>'s Electric Surge!]</small></div><div class="battle-history"><small>An electric current runs across the battlefield!</small></div><h2 class="battle-history">Turn 1</h2><div class="spacer battle-history"></div><div class="battle-history"><span class="battle-nickname" title="Tapu Koko">Tapu Koko</span> used <strong>Volt Switch</strong>!</div><div class="battle-history"><small>The opposing <span class="battle-nickname-foe" title="Chansey">Chansey</span> lost 21% of its health!</small><br></div><div class="spacer battle-history"></div><div class="battle-history"><span class="battle-nickname" title="Tapu Koko">Tapu Koko</span> went back to ass grabbin!</div><div class="battle-history">Go! Bisharp!</div><div class="spacer battle-history"></div><div class="battle-history">The opposing <span class="battle-nickname-foe" title="Chansey">Chansey</span> used <strong>Stealth Rock</strong>!</div><div class="battle-history"><small>Pointed stones float in the air around your team!</small></div><h2 class="battle-history">Turn 2</h2><div class="chat message-error">Battle timer is ON: inactive players will automatically lose when time's up. (requested by ass grabbin)</div><div class="chat message-error">Ogalbina has 135 seconds left.</div><div class="spacer battle-history"></div><div class="battle-history">Ogalbina withdrew Chansey!</div><div class="battle-history">Ogalbina sent out Tangrowth!</div><div class="spacer battle-history"></div><div class="battle-history"><span class="battle-nickname" title="Bisharp">Bisharp</span> used <strong>Swords Dance</strong>!</div><div class="battle-history"><small><span class="battle-nickname" title="Bisharp">Bisharp</span>'s Attack rose sharply! </small></div><h2 class="battle-history">Turn 3</h2><div class="spacer battle-history"></div><div class="battle-history"><small><span class="battle-nickname" title="Bisharp">Bisharp</span> surrounded itself with its Z-Power! </small></div><div class="battle-history"><small><span class="battle-nickname" title="Bisharp">Bisharp</span> unleashes its full-force Z-Move!</small></div><div class="battle-history"><span class="battle-nickname" title="Bisharp">Bisharp</span> used <strong>Black Hole Eclipse</strong>!</div><div class="battle-history"><small>The opposing <span class="battle-nickname-foe" title="Tangrowth">Tangrowth</span> lost 100% of its health!</small><br></div><div class="spacer battle-history"></div><div class="battle-history">The opposing <span class="battle-nickname-foe" title="Tangrowth">Tangrowth</span> fainted!</div><div class="spacer battle-history"></div><div class="battle-history">Ogalbina sent out Alomomola!</div><h2 class="battle-history">Turn 4</h2><div class="spacer battle-history"></div><div class="battle-history"><span class="battle-nickname" title="Bisharp">Bisharp</span> used <strong>Knock Off</strong>!</div><div class="battle-history"><small>The opposing <span class="battle-nickname-foe" title="Alomomola">Alomomola</span> lost 67% of its health!</small><br></div><div class="battle-history"><small><span class="battle-nickname" title="Bisharp">Bisharp</span> knocked off the opposing <span class="battle-nickname-foe" title="Alomomola">Alomomola</span>'s Leftovers!</small></div><div class="spacer battle-history"></div><div class="battle-history">The opposing <span class="battle-nickname-foe" title="Alomomola">Alomomola</span> used <strong>Wish</strong>!</div><h2 class="battle-history">Turn 5</h2><div class="spacer battle-history"></div><div class="battle-history">The opposing <span class="battle-nickname-foe" title="Alomomola">Alomomola</span> used <strong>Protect</strong>!</div><div class="battle-history"><small>The opposing <span class="battle-nickname-foe" title="Alomomola">Alomomola</span> protected itself!</small></div><div class="spacer battle-history"></div><div class="battle-history"><span class="battle-nickname" title="Bisharp">Bisharp</span> used <strong>Swords Dance</strong>!</div><div class="battle-history"><small><span class="battle-nickname" title="Bisharp">Bisharp</span>'s Attack rose sharply! </small></div><div class="spacer battle-history"></div><div class="battle-history"><small>Alomomola's wish came true!</small></div><div class="battle-history"><small>The electricity disappeared from the battlefield.</small></div><h2 class="battle-history">Turn 6</h2><div class="spacer battle-history"></div><div class="battle-history"><span class="battle-nickname" title="Bisharp">Bisharp</span>, come back!</div><div class="battle-history">Go! Gastrodon!</div><div class="battle-history"><small>Pointed stones dug into <span class="battle-nickname" title="Gastrodon">Gastrodon</span>! </small></div><div class="spacer battle-history"></div><div class="battle-history">The opposing <span class="battle-nickname-foe" title="Alomomola">Alomomola</span> used <strong>Wish</strong>!</div><div class="spacer battle-history"></div><div class="battle-history"><small><span class="battle-nickname" title="Gastrodon">Gastrodon</span> restored a little HP using its Leftovers!</small></div><h2 class="battle-history">Turn 7</h2><div class="chat message-error">Ogalbina has 135 seconds left.</div><div class="spacer battle-history"></div><div class="battle-history">The opposing <span class="battle-nickname-foe" title="Alomomola">Alomomola</span> used <strong>Toxic</strong>!</div><div class="battle-history"><small><span class="battle-nickname" title="Gastrodon">Gastrodon</span> was badly poisoned!</small></div><div class="spacer battle-history"></div><div class="battle-history"><span class="battle-nickname" title="Gastrodon">Gastrodon</span> used <strong>Toxic</strong>!</div><div class="battle-history"><small>The opposing <span class="battle-nickname-foe" title="Alomomola">Alomomola</span> was badly poisoned!</small></div><div class="spacer battle-history"></div><div class="battle-history"><small>Alomomola's wish came true!</small></div><div class="battle-history"><small>The opposing <span class="battle-nickname-foe" title="Alomomola">Alomomola</span> was hurt by poison! <br><span class="battle-nickname" title="Gastrodon">Gastrodon</span> was hurt by poison! </small></div><h2 class="battle-history">Turn 8</h2><div class="chat message-error">ass grabbin has 135 seconds left.</div><div class="chat message-error">Ogalbina has 135 seconds left.</div><div class="spacer battle-history"></div><div class="battle-history">Ogalbina withdrew Alomomola!</div><div class="battle-history">Ogalbina sent out Chansey!</div><div class="spacer battle-history"></div><div class="battle-history"><span class="battle-nickname" title="Gastrodon">Gastrodon</span> used <strong>Earthquake</strong>!</div><div class="battle-history"><small>The opposing <span class="battle-nickname-foe" title="Chansey">Chansey</span> lost 18% of its health!</small><br></div><div class="spacer battle-history"></div><div class="battle-history"><small><span class="battle-nickname" title="Gastrodon">Gastrodon</span> restored a little HP using its Leftovers!</small></div><div class="battle-history"><small><span class="battle-nickname" title="Gastrodon">Gastrodon</span> was hurt by poison! </small></div><h2 class="battle-history">Turn 9</h2><div class="spacer battle-history"></div><div class="battle-history"><span class="battle-nickname" title="Gastrodon">Gastrodon</span>, come back!</div><div class="battle-history">Go! Mawile!</div><div class="battle-history"><small>Pointed stones dug into <span class="battle-nickname" title="Mawile">Mawile</span>! </small></div><div class="spacer battle-history"></div><div class="battle-history">The opposing <span class="battle-nickname-foe" title="Chansey">Chansey</span> used <strong>Soft-Boiled</strong>!</div><div class="battle-history"><small>The opposing <span class="battle-nickname-foe" title="Chansey">Chansey</span> restored its HP.</small></div><h2 class="battle-history">Turn 10</h2><div class="spacer battle-history"></div><div class="battle-history">Ogalbina withdrew Chansey!</div><div class="battle-history">Ogalbina sent out <span class="battle-nickname-foe" title="Landorus-Therian">Landorus <small>(Landorus-Therian)</small></span>!</div><div class="battle-history"><small>[Opposing <span class="battle-nickname-foe" title="Landorus-Therian">Landorus</span>'s Intimidate!]</small></div><div class="battle-history"><small>[<span class="battle-nickname" title="Mawile">Mawile</span>'s Hyper Cutter!]</small></div><div class="battle-history"><small><span class="battle-nickname" title="Mawile">Mawile</span>'s Attack was not lowered!</small></div><div class="battle-history"><small><span class="battle-nickname" title="Mawile">Mawile</span>'s Mawilite is reacting to the Key Stone!<br><span class="battle-nickname" title="Mawile">Mawile</span> has Mega Evolved into Mega Mawile!</small></div><div class="spacer battle-history"></div><div class="battle-history"><span class="battle-nickname" title="Mawile-Mega">Mawile</span> used <strong>Ice Punch</strong>!</div><div class="battle-history"><small>It's super effective! <br></small><small>The opposing <span class="battle-nickname-foe" title="Landorus-Therian">Landorus</span> lost 100% of its health!</small><br></div><div class="spacer battle-history"></div><div class="battle-history">The opposing <span class="battle-nickname-foe" title="Landorus-Therian">Landorus</span> fainted!</div><div class="chat message-error">Ogalbina has 135 seconds left.</div><div class="spacer battle-history"></div><div class="battle-history">Ogalbina sent out Alomomola!</div><h2 class="battle-history">Turn 11</h2><div class="spacer battle-history"></div><div class="battle-history"><span class="battle-nickname" title="Mawile-Mega">Mawile</span> used <strong>Thunder Punch</strong>!</div><div class="battle-history"><small>It's super effective! <br></small><small>The opposing <span class="battle-nickname-foe" title="Alomomola">Alomomola</span> lost 55% of its health!</small><br></div><div class="spacer battle-history"></div><div class="battle-history">The opposing <span class="battle-nickname-foe" title="Alomomola">Alomomola</span> used <strong>Scald</strong>!</div><div class="battle-history"><small><span class="battle-nickname" title="Mawile-Mega">Mawile</span> lost <abbr title="−45/264">17.0%</abbr> of its health!</small><br></div><div class="spacer battle-history"></div><div class="battle-history"><small>The opposing <span class="battle-nickname-foe" title="Alomomola">Alomomola</span> was hurt by poison! </small></div><h2 class="battle-history">Turn 12</h2><div class="spacer battle-history"></div><div class="battle-history"><span class="battle-nickname" title="Mawile-Mega">Mawile</span> used <strong>Thunder Punch</strong>!</div><div class="battle-history"><small>It's super effective! <br>A critical hit! <br></small><small>The opposing <span class="battle-nickname-foe" title="Alomomola">Alomomola</span> lost 39% of its health!</small><br></div><div class="spacer battle-history"></div><div class="battle-history">The opposing <span class="battle-nickname-foe" title="Alomomola">Alomomola</span> fainted!</div><div class="chat message-error">Ogalbina has 135 seconds left.</div><div class="spacer battle-history"></div><div class="battle-history">Ogalbina sent out Dragonite!</div><h2 class="battle-history">Turn 13</h2><div class="spacer battle-history"></div><div class="battle-history">The opposing <span class="battle-nickname-foe" title="Dragonite">Dragonite</span> used <strong>Fire Punch</strong>!</div><div class="battle-history"><small>It's super effective! <br></small><small><span class="battle-nickname" title="Mawile-Mega">Mawile</span> lost <abbr title="−154/264">58.3%</abbr> of its health!</small><br></div><div class="spacer battle-history"></div><div class="battle-history"><span class="battle-nickname" title="Mawile-Mega">Mawile</span> used <strong>Ice Punch</strong>!</div><div class="battle-history"><small>It's super effective! <br>A critical hit! <br></small><small>The opposing <span class="battle-nickname-foe" title="Dragonite">Dragonite</span> lost 100% of its health!</small><br></div><div class="spacer battle-history"></div><div class="battle-history">The opposing <span class="battle-nickname-foe" title="Dragonite">Dragonite</span> fainted!</div><div class="chat chatmessage-ogalbina"><strong style="color:hsl(30,47%,45%);"><small>☆</small><span class="username" data-name="Ogalbina">Ogalbina</span>:</strong> <em>lmaoooooooo</em></div><div class="spacer battle-history"></div><div class="battle-history"><small>Ogalbina forfeited.</small></div><div class="spacer battle-history"></div><div class="battle-history">ass grabbin won the battle!</div><div class="chat">Ladder updating...</div><div class="chat"><small>☆Ogalbina left.</small></div><div class="chat">ass grabbin's rating: 1148 → <strong>1171</strong><br>(+23 for winning)</div><div class="chat">Ogalbina's rating: 1118 → <strong>1095</strong><br>(-23 for losing)</div></div></div>
</div>
<script>
var daily = Math.floor(Date.now()/1000/60/60/24);document.write('<script src="https://play.pokemonshowdown.com/js/replay-embed.js?version'+daily+'"></'+'script>');
</script>
