<!DOCTYPE html>
<meta charset="utf-8" />
<!-- version 1 -->
<title>[Gen 7] OU replay: Fabilous vs. r/stunfisk testing</title>
<style>
html,body {font-family:Verdana, sans-serif;font-size:10pt;margin:0;padding:0;}body{padding:12px 0;} .battle-log {font-family:Verdana, sans-serif;font-size:10pt;} .battle-log-inline {border:1px solid #AAAAAA;background:#EEF2F5;color:black;max-width:640px;margin:0 auto 80px;padding-bottom:5px;} .battle-log .inner {padding:4px 8px 0px 8px;} .battle-log .inner-preempt {padding:0 8px 4px 8px;} .battle-log .inner-after {margin-top:0.5em;} .battle-log h2 {margin:0.5em -8px;padding:4px 8px;border:1px solid #AAAAAA;background:#E0E7EA;border-left:0;border-right:0;font-family:Verdana, sans-serif;font-size:13pt;} .battle-log .chat {vertical-align:middle;padding:3px 0 3px 0;font-size:8pt;} .battle-log .chat strong {color:#40576A;} .battle-log .chat em {padding:1px 4px 1px 3px;color:#000000;font-style:normal;} .chat.mine {background:rgba(0,0,0,0.05);margin-left:-8px;margin-right:-8px;padding-left:8px;padding-right:8px;} .spoiler {color:#BBBBBB;background:#BBBBBB;padding:0px 3px;} .spoiler:hover, .spoiler:active, .spoiler-shown {color:#000000;background:#E2E2E2;padding:0px 3px;} .spoiler a {color:#BBBBBB;} .spoiler:hover a, .spoiler:active a, .spoiler-shown a {color:#2288CC;} .chat code, .chat .spoiler:hover code, .chat .spoiler:active code, .chat .spoiler-shown code {border:1px solid #C0C0C0;background:#EEEEEE;color:black;padding:0 2px;} .chat .spoiler code {border:1px solid #CCCCCC;background:#CCCCCC;color:#CCCCCC;} .battle-log .rated {padding:3px 4px;} .battle-log .rated strong {color:white;background:#89A;padding:1px 4px;border-radius:4px;} .spacer {margin-top:0.5em;} .message-announce {background:#6688AA;color:white;padding:1px 4px 2px;} .message-announce a, .broadcast-green a, .broadcast-blue a, .broadcast-red a {color:#DDEEFF;} .broadcast-green {background-color:#559955;color:white;padding:2px 4px;} .broadcast-blue {background-color:#6688AA;color:white;padding:2px 4px;} .infobox {border:1px solid #6688AA;padding:2px 4px;} .infobox-limited {max-height:200px;overflow:auto;overflow-x:hidden;} .broadcast-red {background-color:#AA5544;color:white;padding:2px 4px;} .message-learn-canlearn {font-weight:bold;color:#228822;text-decoration:underline;} .message-learn-cannotlearn {font-weight:bold;color:#CC2222;text-decoration:underline;} .message-effect-weak {font-weight:bold;color:#CC2222;} .message-effect-resist {font-weight:bold;color:#6688AA;} .message-effect-immune {font-weight:bold;color:#666666;} .message-learn-list {margin-top:0;margin-bottom:0;} .message-throttle-notice, .message-error {color:#992222;} .message-overflow, .chat small.message-overflow {font-size:0pt;} .message-overflow::before {font-size:9pt;content:'...';} .subtle {color:#3A4A66;}
</style>
<div class="wrapper replay-wrapper" style="max-width:1180px;margin:0 auto">
<input type="hidden" name="replayid" value="gen7ou-713356666" />
<div class="battle"></div><div class="battle-log"></div><div class="replay-controls"></div><div class="replay-controls-2"></div>
<h1 style="font-weight:normal;text-align:center"><strong>[Gen 7] OU</strong><br /><a href="http://pokemonshowdown.com/users/fabilous" class="subtle" target="_blank">Fabilous</a> vs. <a href="http://pokemonshowdown.com/users/rstunfisktesting" class="subtle" target="_blank">r/stunfisk testing</a></h1>
<script type="text/plain" class="battle-log-data">|j|☆Fabilous
|j|☆r\/stunfisk testing


|player|p1|Fabilous|260



|player|p2|r\/stunfisk testing|70
|teamsize|p1|6
|teamsize|p2|6
|gametype|singles
|gen|7
|tier|[Gen 7] OU
|rated|
|seed|
|rule|Sleep Clause Mod: Limit one foe put to sleep
|rule|Species Clause: Limit one of each Pokémon
|rule|OHKO Clause: OHKO moves are banned
|rule|Moody Clause: Moody is banned
|rule|Evasion Moves Clause: Evasion moves are banned
|rule|Endless Battle Clause: Forcing endless battles is banned
|rule|HP Percentage Mod: HP is shown in percentages
|clearpoke
|poke|p1|Kartana|item
|poke|p1|Hawlucha, M|item
|poke|p1|Tapu Koko|item
|poke|p1|Ferrothorn, M|item
|poke|p1|Landorus-Therian, M|item
|poke|p1|Latios, M|item
|poke|p2|Zapdos|item
|poke|p2|Zygarde|item
|poke|p2|Greninja, M|item
|poke|p2|Nihilego|item
|poke|p2|Ferrothorn, M|item
|poke|p2|Scizor, M|item
|teampreview


|inactive|Time left: 150 sec this turn | 220 sec total


|inactive|Battle timer is ON: inactive players will automatically lose when time's up. (requested by Fabilous)



|inactive|r\/stunfisk testing has 135 seconds left.



|
|start
|switch|p1a: Tapu Koko|Tapu Koko|100\/100
|switch|p2a: Ferrothorn|Ferrothorn, M|352\/352
|-fieldstart|move: Electric Terrain|[from] ability: Electric Surge|[of] p1a: Tapu Koko
|turn|1


|inactive|Time left: 150 sec this turn | 215 sec total


|
|move|p1a: Tapu Koko|Volt Switch|p2a: Ferrothorn
|-resisted|p2a: Ferrothorn
|-damage|p2a: Ferrothorn|300\/352


|inactive|Time left: 150 sec this turn | 225 sec total


|
|switch|p1a: Ferrothorn|Ferrothorn, M|100\/100
|move|p2a: Ferrothorn|Stealth Rock|p1a: Ferrothorn
|-sidestart|p1: Fabilous|move: Stealth Rock
|
|-heal|p2a: Ferrothorn|322\/352|[from] item: Leftovers
|upkeep
|turn|2


|inactive|Time left: 150 sec this turn | 235 sec total


|
|move|p2a: Ferrothorn|Thunder Wave|p1a: Ferrothorn
|-status|p1a: Ferrothorn|par
|move|p1a: Ferrothorn|Spikes|p2a: Ferrothorn
|-sidestart|p2: r\/stunfisk testing|Spikes
|
|-heal|p2a: Ferrothorn|344\/352|[from] item: Leftovers
|upkeep
|turn|3


|inactive|Time left: 150 sec this turn | 240 sec total


|
|switch|p2a: Zapdos|Zapdos|383\/383
|move|p1a: Ferrothorn|Spikes|p2a: Zapdos
|-sidestart|p2: r\/stunfisk testing|Spikes
|
|upkeep
|turn|4


|inactive|Time left: 150 sec this turn | 245 sec total


|
|switch|p1a: Tapu Koko|Tapu Koko|100\/100
|-damage|p1a: Tapu Koko|88\/100|[from] Stealth Rock
|move|p2a: Zapdos|Defog|p1a: Tapu Koko
|-unboost|p1a: Tapu Koko|evasion|1
|-sideend|p1: Fabilous|Stealth Rock|[from] move: Defog|[of] p1a: Tapu Koko
|-sideend|p2: r\/stunfisk testing|Spikes|[from] move: Defog|[of] p2a: Zapdos
|
|upkeep
|turn|5


|inactive|Time left: 150 sec this turn | 255 sec total


|
|switch|p2a: Ferrothorn|Ferrothorn, M|344\/352
|move|p1a: Tapu Koko|Thunderbolt|p2a: Ferrothorn
|-resisted|p2a: Ferrothorn
|-damage|p2a: Ferrothorn|279\/352
|-status|p2a: Ferrothorn|par
|
|-heal|p2a: Ferrothorn|301\/352 par|[from] item: Leftovers
|-fieldend|move: Electric Terrain
|upkeep
|turn|6


|inactive|Time left: 150 sec this turn | 265 sec total


|
|move|p1a: Tapu Koko|Volt Switch|p2a: Ferrothorn
|-resisted|p2a: Ferrothorn
|-damage|p2a: Ferrothorn|266\/352 par


|inactive|Time left: 150 sec this turn | 270 sec total


|
|switch|p1a: Ferrothorn|Ferrothorn, M|100\/100 par
|move|p2a: Ferrothorn|Stealth Rock|p1a: Ferrothorn
|-sidestart|p1: Fabilous|move: Stealth Rock
|
|-heal|p2a: Ferrothorn|288\/352 par|[from] item: Leftovers
|upkeep
|turn|7


|inactive|Time left: 150 sec this turn | 280 sec total


|
|switch|p2a: Zygarde|Zygarde|358\/358
|-ability|p2a: Zygarde|Aura Break
|move|p1a: Ferrothorn|Spikes|p2a: Zygarde
|-sidestart|p2: r\/stunfisk testing|Spikes
|
|upkeep
|turn|8


|inactive|Time left: 150 sec this turn | 285 sec total


|
|switch|p1a: Landorus|Landorus-Therian, M|100\/100
|-damage|p1a: Landorus|88\/100|[from] Stealth Rock
|-ability|p1a: Landorus|Intimidate|boost
|-unboost|p2a: Zygarde|atk|1
|move|p2a: Zygarde|Dragon Dance|p2a: Zygarde
|-boost|p2a: Zygarde|atk|1
|-boost|p2a: Zygarde|spe|1
|
|-heal|p1a: Landorus|94\/100|[from] item: Leftovers
|upkeep
|turn|9


|inactive|Time left: 150 sec this turn | 290 sec total


|
|move|p2a: Zygarde|Dragon Dance|p2a: Zygarde
|-boost|p2a: Zygarde|atk|1
|-boost|p2a: Zygarde|spe|1
|move|p1a: Landorus|Hidden Power|p2a: Zygarde
|-supereffective|p2a: Zygarde
|-damage|p2a: Zygarde|174\/358
|
|-heal|p1a: Landorus|99\/100|[from] item: Leftovers
|upkeep
|turn|10


|inactive|Time left: 150 sec this turn | 295 sec total


|
|-zpower|p2a: Zygarde
|move|p2a: Zygarde|Devastating Drake|p1a: Landorus|[zeffect]
|-damage|p1a: Landorus|0 fnt
|faint|p1a: Landorus
|
|upkeep


|inactive|Time left: 150 sec this turn | 300 sec total


|
|switch|p1a: Ferrothorn|Ferrothorn, M|100\/100 par
|-damage|p1a: Ferrothorn|94\/100 par|[from] Stealth Rock
|turn|11


|inactive|Time left: 150 sec this turn | 310 sec total


|
|move|p2a: Zygarde|Dragon Dance|p2a: Zygarde
|-boost|p2a: Zygarde|atk|1
|-boost|p2a: Zygarde|spe|1
|move|p1a: Ferrothorn|Gyro Ball|p2a: Zygarde
|-damage|p2a: Zygarde|26\/358
|
|-heal|p1a: Ferrothorn|100\/100 par|[from] item: Leftovers
|upkeep
|turn|12


|inactive|Time left: 150 sec this turn | 320 sec total


|
|move|p2a: Zygarde|Thousand Arrows|p1a: Ferrothorn
|-damage|p1a: Ferrothorn|36\/100 par
|move|p1a: Ferrothorn|Gyro Ball|p2a: Zygarde
|-damage|p2a: Zygarde|0 fnt
|faint|p2a: Zygarde
|
|-heal|p1a: Ferrothorn|43\/100 par|[from] item: Leftovers
|upkeep


|inactive|Time left: 150 sec this turn | 330 sec total


|inactive|r\/stunfisk testing has 135 seconds left.



|
|switch|p2a: Scizor|Scizor, M|344\/344
|-damage|p2a: Scizor|301\/344|[from] Spikes
|turn|13


|inactive|Time left: 150 sec this turn | 325 sec total


|
|-mega|p2a: Scizor|Scizor|Scizorite
|detailschange|p2a: Scizor|Scizor-Mega, M
|move|p2a: Scizor|Swords Dance|p2a: Scizor
|-boost|p2a: Scizor|atk|2
|cant|p1a: Ferrothorn|par
|
|-heal|p1a: Ferrothorn|49\/100 par|[from] item: Leftovers
|upkeep
|turn|14


|inactive|Time left: 150 sec this turn | 335 sec total


|
|move|p2a: Scizor|Swords Dance|p2a: Scizor
|-boost|p2a: Scizor|atk|2
|cant|p1a: Ferrothorn|par
|
|-heal|p1a: Ferrothorn|55\/100 par|[from] item: Leftovers
|upkeep
|turn|15


|inactive|Time left: 150 sec this turn | 345 sec total


|
|move|p2a: Scizor|Swords Dance|p2a: Scizor
|-boost|p2a: Scizor|atk|2
|move|p1a: Ferrothorn|Leech Seed|p2a: Scizor
|-start|p2a: Scizor|move: Leech Seed
|
|-heal|p1a: Ferrothorn|61\/100 par|[from] item: Leftovers
|-damage|p2a: Scizor|258\/344|[from] Leech Seed|[of] p1a: Ferrothorn
|-heal|p1a: Ferrothorn|74\/100 par|[silent]
|upkeep
|turn|16


|inactive|Time left: 150 sec this turn | 355 sec total


|
|move|p2a: Scizor|Knock Off|p1a: Ferrothorn
|-damage|p1a: Ferrothorn|0 fnt
|-damage|p2a: Scizor|215\/344|[from] ability: Iron Barbs|[of] p1a: Ferrothorn
|-enditem|p1a: Ferrothorn|Leftovers|[from] move: Knock Off|[of] p2a: Scizor
|faint|p1a: Ferrothorn
|
|upkeep


|inactive|Time left: 150 sec this turn | 360 sec total


|-message|Fabilous forfeited.



|
|win|r\/stunfisk testing


|inactive|Time left: 150 sec this turn | 370 sec total

||Ladder updating...


|l|☆Fabilous



|raw|Fabilous's rating: 1564 &rarr; <strong>1541<\/strong><br \/>(-23 for losing)
|raw|r&#x2f;stunfisk testing's rating: 1510 &rarr; <strong>1533<\/strong><br \/>(+23 for winning)

</script>
</div>
<div class="battle-log battle-log-inline"><div class="inner"><div class="chat"><small>☆Fabilous joined.</small></div><div class="chat"><small>☆r/stunfisk testing joined.</small></div><div style="padding:5px 0"><small>Format:</small> <br><strong>[Gen 7] OU</strong></div><div class="rated"><strong>Rated battle</strong></div><div><small><em>Sleep Clause Mod:</em> Limit one foe put to sleep</small></div><div><small><em>Species Clause:</em> Limit one of each Pokémon</small></div><div><small><em>OHKO Clause:</em> OHKO moves are banned</small></div><div><small><em>Moody Clause:</em> Moody is banned</small></div><div><small><em>Evasion Moves Clause:</em> Evasion moves are banned</small></div><div><small><em>Endless Battle Clause:</em> Forcing endless battles is banned</small></div><div><small><em>HP Percentage Mod:</em> HP is shown in percentages</small></div><div class="chat"><strong>r/stunfisk testing's team:</strong> <em style="color:#445566;display:block;">Zapdos / Zygarde / Greninja / Nihilego / Ferrothorn / Scizor</em></div><div class="chat"><strong>Fabilous's team:</strong> <em style="color:#445566;display:block;">Kartana / Hawlucha / Tapu Koko / Ferrothorn / Landorus-Therian / Latios</em></div><div class="chat message-error">Battle timer is ON: inactive players will automatically lose when time's up. (requested by Fabilous)</div><div class="chat message-error">r/stunfisk testing has 135 seconds left.</div><div>Battle between Fabilous and r/stunfisk testing started!</div><div class="spacer battle-history"></div><div class="battle-history">Fabilous sent out Tapu Koko!</div><div class="spacer battle-history"></div><div class="battle-history">Go! Ferrothorn!</div><div class="battle-history"><small>[Opposing <span class="battle-nickname-foe" title="Tapu Koko">Tapu Koko</span>'s Electric Surge!]</small></div><div class="battle-history"><small>An electric current runs across the battlefield!</small></div><h2 class="battle-history">Turn 1</h2><div class="spacer battle-history"></div><div class="battle-history">The opposing <span class="battle-nickname-foe" title="Tapu Koko">Tapu Koko</span> used <strong>Volt Switch</strong>!</div><div class="battle-history"><small>It's not very effective... <br></small><small><span class="battle-nickname" title="Ferrothorn">Ferrothorn</span> lost <abbr title="−52/352">14.8%</abbr> of its health!</small><br></div><div class="spacer battle-history"></div><div class="battle-history">The opposing <span class="battle-nickname-foe" title="Tapu Koko">Tapu Koko</span> went back to Fabilous!</div><div class="battle-history">Fabilous sent out Ferrothorn!</div><div class="spacer battle-history"></div><div class="battle-history"><span class="battle-nickname" title="Ferrothorn">Ferrothorn</span> used <strong>Stealth Rock</strong>!</div><div class="battle-history"><small>Pointed stones float in the air around the opposing team!</small></div><div class="spacer battle-history"></div><div class="battle-history"><small><span class="battle-nickname" title="Ferrothorn">Ferrothorn</span> restored a little HP using its Leftovers!</small></div><h2 class="battle-history">Turn 2</h2><div class="spacer battle-history"></div><div class="battle-history"><span class="battle-nickname" title="Ferrothorn">Ferrothorn</span> used <strong>Thunder Wave</strong>!</div><div class="battle-history"><small>The opposing <span class="battle-nickname-foe" title="Ferrothorn">Ferrothorn</span> is paralyzed! It may be unable to move!</small></div><div class="spacer battle-history"></div><div class="battle-history">The opposing <span class="battle-nickname-foe" title="Ferrothorn">Ferrothorn</span> used <strong>Spikes</strong>!</div><div class="battle-history"><small>Spikes were scattered on the ground all around your team!</small></div><div class="spacer battle-history"></div><div class="battle-history"><small><span class="battle-nickname" title="Ferrothorn">Ferrothorn</span> restored a little HP using its Leftovers!</small></div><h2 class="battle-history">Turn 3</h2><div class="spacer battle-history"></div><div class="battle-history"><span class="battle-nickname" title="Ferrothorn">Ferrothorn</span>, come back!</div><div class="battle-history">Go! Zapdos!</div><div class="spacer battle-history"></div><div class="battle-history">The opposing <span class="battle-nickname-foe" title="Ferrothorn">Ferrothorn</span> used <strong>Spikes</strong>!</div><div class="battle-history"><small>Spikes were scattered on the ground all around your team!</small></div><h2 class="battle-history">Turn 4</h2><div class="spacer battle-history"></div><div class="battle-history">Fabilous withdrew Ferrothorn!</div><div class="battle-history">Fabilous sent out Tapu Koko!</div><div class="battle-history"><small>Pointed stones dug into the opposing <span class="battle-nickname-foe" title="Tapu Koko">Tapu Koko</span>! </small></div><div class="spacer battle-history"></div><div class="battle-history"><span class="battle-nickname" title="Zapdos">Zapdos</span> used <strong>Defog</strong>!</div><div class="battle-history"><small>The opposing <span class="battle-nickname-foe" title="Tapu Koko">Tapu Koko</span>'s evasiveness fell! </small></div><div class="battle-history"><small>The pointed stones disappeared from around the opposing team!</small></div><div class="battle-history"><small>The spikes disappeared from the ground around your team!</small></div><h2 class="battle-history">Turn 5</h2><div class="spacer battle-history"></div><div class="battle-history"><span class="battle-nickname" title="Zapdos">Zapdos</span>, come back!</div><div class="battle-history">Go! Ferrothorn!</div><div class="spacer battle-history"></div><div class="battle-history">The opposing <span class="battle-nickname-foe" title="Tapu Koko">Tapu Koko</span> used <strong>Thunderbolt</strong>!</div><div class="battle-history"><small>It's not very effective... <br></small><small><span class="battle-nickname" title="Ferrothorn">Ferrothorn</span> lost <abbr title="−65/352">18.5%</abbr> of its health!</small><br></div><div class="battle-history"><small><span class="battle-nickname" title="Ferrothorn">Ferrothorn</span> is paralyzed! It may be unable to move!</small></div><div class="spacer battle-history"></div><div class="battle-history"><small><span class="battle-nickname" title="Ferrothorn">Ferrothorn</span> restored a little HP using its Leftovers!</small></div><div class="battle-history"><small>The electricity disappeared from the battlefield.</small></div><h2 class="battle-history">Turn 6</h2><div class="spacer battle-history"></div><div class="battle-history">The opposing <span class="battle-nickname-foe" title="Tapu Koko">Tapu Koko</span> used <strong>Volt Switch</strong>!</div><div class="battle-history"><small>It's not very effective... <br></small><small><span class="battle-nickname" title="Ferrothorn">Ferrothorn</span> lost <abbr title="−35/352">9.9%</abbr> of its health!</small><br></div><div class="spacer battle-history"></div><div class="battle-history">The opposing <span class="battle-nickname-foe" title="Tapu Koko">Tapu Koko</span> went back to Fabilous!</div><div class="battle-history">Fabilous sent out Ferrothorn!</div><div class="spacer battle-history"></div><div class="battle-history"><span class="battle-nickname" title="Ferrothorn">Ferrothorn</span> used <strong>Stealth Rock</strong>!</div><div class="battle-history"><small>Pointed stones float in the air around the opposing team!</small></div><div class="spacer battle-history"></div><div class="battle-history"><small><span class="battle-nickname" title="Ferrothorn">Ferrothorn</span> restored a little HP using its Leftovers!</small></div><h2 class="battle-history">Turn 7</h2><div class="spacer battle-history"></div><div class="battle-history"><span class="battle-nickname" title="Ferrothorn">Ferrothorn</span>, come back!</div><div class="battle-history">Go! Zygarde!</div><div class="battle-history"><small>[<span class="battle-nickname" title="Zygarde">Zygarde</span>'s Aura Break!]</small></div><div class="battle-history"><small><span class="battle-nickname" title="Zygarde">Zygarde</span> reversed all other Pokémon's auras!</small></div><div class="spacer battle-history"></div><div class="battle-history">The opposing <span class="battle-nickname-foe" title="Ferrothorn">Ferrothorn</span> used <strong>Spikes</strong>!</div><div class="battle-history"><small>Spikes were scattered on the ground all around your team!</small></div><h2 class="battle-history">Turn 8</h2><div class="spacer battle-history"></div><div class="battle-history">Fabilous withdrew Ferrothorn!</div><div class="battle-history">Fabilous sent out <span class="battle-nickname-foe" title="Landorus-Therian">Landorus <small>(Landorus-Therian)</small></span>!</div><div class="battle-history"><small>Pointed stones dug into the opposing <span class="battle-nickname-foe" title="Landorus-Therian">Landorus</span>! </small></div><div class="battle-history"><small>[Opposing <span class="battle-nickname-foe" title="Landorus-Therian">Landorus</span>'s Intimidate!]</small></div><div class="battle-history"><small><span class="battle-nickname" title="Zygarde">Zygarde</span>'s Attack fell! </small></div><div class="spacer battle-history"></div><div class="battle-history"><span class="battle-nickname" title="Zygarde">Zygarde</span> used <strong>Dragon Dance</strong>!</div><div class="battle-history"><small><span class="battle-nickname" title="Zygarde">Zygarde</span>'s Attack rose! <br><span class="battle-nickname" title="Zygarde">Zygarde</span>'s Speed rose! </small></div><div class="spacer battle-history"></div><div class="battle-history"><small>The opposing <span class="battle-nickname-foe" title="Landorus-Therian">Landorus</span> restored a little HP using its Leftovers!</small></div><h2 class="battle-history">Turn 9</h2><div class="spacer battle-history"></div><div class="battle-history"><span class="battle-nickname" title="Zygarde">Zygarde</span> used <strong>Dragon Dance</strong>!</div><div class="battle-history"><small><span class="battle-nickname" title="Zygarde">Zygarde</span>'s Attack rose! <br><span class="battle-nickname" title="Zygarde">Zygarde</span>'s Speed rose! </small></div><div class="spacer battle-history"></div><div class="battle-history">The opposing <span class="battle-nickname-foe" title="Landorus-Therian">Landorus</span> used <strong>Hidden Power</strong>!</div><div class="battle-history"><small>It's super effective! <br></small><small><span class="battle-nickname" title="Zygarde">Zygarde</span> lost <abbr title="−184/358">51.4%</abbr> of its health!</small><br></div><div class="spacer battle-history"></div><div class="battle-history"><small>The opposing <span class="battle-nickname-foe" title="Landorus-Therian">Landorus</span> restored a little HP using its Leftovers!</small></div><h2 class="battle-history">Turn 10</h2><div class="spacer battle-history"></div><div class="battle-history"><small><span class="battle-nickname" title="Zygarde">Zygarde</span> surrounded itself with its Z-Power! </small></div><div class="battle-history"><small><span class="battle-nickname" title="Zygarde">Zygarde</span> unleashes its full-force Z-Move!</small></div><div class="battle-history"><span class="battle-nickname" title="Zygarde">Zygarde</span> used <strong>Devastating Drake</strong>!</div><div class="battle-history"><small>The opposing <span class="battle-nickname-foe" title="Landorus-Therian">Landorus</span> lost 99% of its health!</small><br></div><div class="spacer battle-history"></div><div class="battle-history">The opposing <span class="battle-nickname-foe" title="Landorus-Therian">Landorus</span> fainted!</div><div class="spacer battle-history"></div><div class="battle-history">Fabilous sent out Ferrothorn!</div><div class="battle-history"><small>Pointed stones dug into the opposing <span class="battle-nickname-foe" title="Ferrothorn">Ferrothorn</span>! </small></div><h2 class="battle-history">Turn 11</h2><div class="spacer battle-history"></div><div class="battle-history"><span class="battle-nickname" title="Zygarde">Zygarde</span> used <strong>Dragon Dance</strong>!</div><div class="battle-history"><small><span class="battle-nickname" title="Zygarde">Zygarde</span>'s Attack rose! <br><span class="battle-nickname" title="Zygarde">Zygarde</span>'s Speed rose! </small></div><div class="spacer battle-history"></div><div class="battle-history">The opposing <span class="battle-nickname-foe" title="Ferrothorn">Ferrothorn</span> used <strong>Gyro Ball</strong>!</div><div class="battle-history"><small><span class="battle-nickname" title="Zygarde">Zygarde</span> lost <abbr title="−148/358">41.3%</abbr> of its health!</small><br></div><div class="spacer battle-history"></div><div class="battle-history"><small>The opposing <span class="battle-nickname-foe" title="Ferrothorn">Ferrothorn</span> restored a little HP using its Leftovers!</small></div><h2 class="battle-history">Turn 12</h2><div class="spacer battle-history"></div><div class="battle-history"><span class="battle-nickname" title="Zygarde">Zygarde</span> used <strong>Thousand Arrows</strong>!</div><div class="battle-history"><small>The opposing <span class="battle-nickname-foe" title="Ferrothorn">Ferrothorn</span> lost 64% of its health!</small><br></div><div class="spacer battle-history"></div><div class="battle-history">The opposing <span class="battle-nickname-foe" title="Ferrothorn">Ferrothorn</span> used <strong>Gyro Ball</strong>!</div><div class="battle-history"><small><span class="battle-nickname" title="Zygarde">Zygarde</span> lost <abbr title="−26/358">7.3%</abbr> of its health!</small><br></div><div class="spacer battle-history"></div><div class="battle-history"><span class="battle-nickname" title="Zygarde">Zygarde</span> fainted!</div><div class="spacer battle-history"></div><div class="battle-history"><small>The opposing <span class="battle-nickname-foe" title="Ferrothorn">Ferrothorn</span> restored a little HP using its Leftovers!</small></div><div class="chat message-error">r/stunfisk testing has 135 seconds left.</div><div class="spacer battle-history"></div><div class="battle-history">Go! Scizor!</div><div class="battle-history"><small><span class="battle-nickname" title="Scizor">Scizor</span> is hurt by the spikes! </small></div><h2 class="battle-history">Turn 13</h2><div class="spacer battle-history"></div><div class="battle-history"><small><span class="battle-nickname" title="Scizor">Scizor</span>'s Scizorite is reacting to the Key Stone!<br><span class="battle-nickname" title="Scizor">Scizor</span> has Mega Evolved into Mega Scizor!</small></div><div class="spacer battle-history"></div><div class="battle-history"><span class="battle-nickname" title="Scizor-Mega">Scizor</span> used <strong>Swords Dance</strong>!</div><div class="battle-history"><small><span class="battle-nickname" title="Scizor-Mega">Scizor</span>'s Attack rose sharply! </small></div><div class="spacer battle-history"></div><div class="battle-history">The opposing <span class="battle-nickname-foe" title="Ferrothorn">Ferrothorn</span> is paralyzed! It can't move!</div><div class="spacer battle-history"></div><div class="battle-history"><small>The opposing <span class="battle-nickname-foe" title="Ferrothorn">Ferrothorn</span> restored a little HP using its Leftovers!</small></div><h2 class="battle-history">Turn 14</h2><div class="spacer battle-history"></div><div class="battle-history"><span class="battle-nickname" title="Scizor-Mega">Scizor</span> used <strong>Swords Dance</strong>!</div><div class="battle-history"><small><span class="battle-nickname" title="Scizor-Mega">Scizor</span>'s Attack rose sharply! </small></div><div class="spacer battle-history"></div><div class="battle-history">The opposing <span class="battle-nickname-foe" title="Ferrothorn">Ferrothorn</span> is paralyzed! It can't move!</div><div class="spacer battle-history"></div><div class="battle-history"><small>The opposing <span class="battle-nickname-foe" title="Ferrothorn">Ferrothorn</span> restored a little HP using its Leftovers!</small></div><h2 class="battle-history">Turn 15</h2><div class="spacer battle-history"></div><div class="battle-history"><span class="battle-nickname" title="Scizor-Mega">Scizor</span> used <strong>Swords Dance</strong>!</div><div class="battle-history"><small><span class="battle-nickname" title="Scizor-Mega">Scizor</span>'s Attack rose sharply! </small></div><div class="spacer battle-history"></div><div class="battle-history">The opposing <span class="battle-nickname-foe" title="Ferrothorn">Ferrothorn</span> used <strong>Leech Seed</strong>!</div><div class="battle-history"><small><span class="battle-nickname" title="Scizor-Mega">Scizor</span> was seeded!</small></div><div class="spacer battle-history"></div><div class="battle-history"><small>The opposing <span class="battle-nickname-foe" title="Ferrothorn">Ferrothorn</span> restored a little HP using its Leftovers!</small></div><div class="battle-history"><small><span class="battle-nickname" title="Scizor-Mega">Scizor</span>'s health is sapped by Leech Seed! </small></div><h2 class="battle-history">Turn 16</h2><div class="spacer battle-history"></div><div class="battle-history"><span class="battle-nickname" title="Scizor-Mega">Scizor</span> used <strong>Knock Off</strong>!</div><div class="battle-history"><small>The opposing <span class="battle-nickname-foe" title="Ferrothorn">Ferrothorn</span> lost 74% of its health!</small><br></div><div class="battle-history"><small>[Opposing <span class="battle-nickname-foe" title="Ferrothorn">Ferrothorn</span>'s Iron Barbs!]</small></div><div class="battle-history"><small><span class="battle-nickname" title="Scizor-Mega">Scizor</span> was hurt! </small></div><div class="battle-history"><small><span class="battle-nickname" title="Scizor-Mega">Scizor</span> knocked off the opposing <span class="battle-nickname-foe" title="Ferrothorn">Ferrothorn</span>'s Leftovers!</small></div><div class="spacer battle-history"></div><div class="battle-history">The opposing <span class="battle-nickname-foe" title="Ferrothorn">Ferrothorn</span> fainted!</div><div class="spacer battle-history"></div><div class="battle-history"><small>Fabilous forfeited.</small></div><div class="spacer battle-history"></div><div class="battle-history">r/stunfisk testing won the battle!</div><div class="chat">Ladder updating...</div><div class="chat"><small>☆Fabilous left.</small></div><div class="chat">Fabilous's rating: 1564 → <strong>1541</strong><br>(-23 for losing)</div><div class="chat">r/stunfisk testing's rating: 1510 → <strong>1533</strong><br>(+23 for winning)</div></div></div>
</div>
<script>
var daily = Math.floor(Date.now()/1000/60/60/24);document.write('<script src="https://play.pokemonshowdown.com/js/replay-embed.js?version'+daily+'"></'+'script>');
</script>
