<!DOCTYPE html>
<meta charset="utf-8" />
<!-- version 1 -->
<title>[Gen 7] OU replay: Tue Minh &gt; all vs. ajaymt</title>
<style>
html,body {font-family:Verdana, sans-serif;font-size:10pt;margin:0;padding:0;}body{padding:12px 0;} .battle-log {font-family:Verdana, sans-serif;font-size:10pt;} .battle-log-inline {border:1px solid #AAAAAA;background:#EEF2F5;color:black;max-width:640px;margin:0 auto 80px;padding-bottom:5px;} .battle-log .inner {padding:4px 8px 0px 8px;} .battle-log .inner-preempt {padding:0 8px 4px 8px;} .battle-log .inner-after {margin-top:0.5em;} .battle-log h2 {margin:0.5em -8px;padding:4px 8px;border:1px solid #AAAAAA;background:#E0E7EA;border-left:0;border-right:0;font-family:Verdana, sans-serif;font-size:13pt;} .battle-log .chat {vertical-align:middle;padding:3px 0 3px 0;font-size:8pt;} .battle-log .chat strong {color:#40576A;} .battle-log .chat em {padding:1px 4px 1px 3px;color:#000000;font-style:normal;} .chat.mine {background:rgba(0,0,0,0.05);margin-left:-8px;margin-right:-8px;padding-left:8px;padding-right:8px;} .spoiler {color:#BBBBBB;background:#BBBBBB;padding:0px 3px;} .spoiler:hover, .spoiler:active, .spoiler-shown {color:#000000;background:#E2E2E2;padding:0px 3px;} .spoiler a {color:#BBBBBB;} .spoiler:hover a, .spoiler:active a, .spoiler-shown a {color:#2288CC;} .chat code, .chat .spoiler:hover code, .chat .spoiler:active code, .chat .spoiler-shown code {border:1px solid #C0C0C0;background:#EEEEEE;color:black;padding:0 2px;} .chat .spoiler code {border:1px solid #CCCCCC;background:#CCCCCC;color:#CCCCCC;} .battle-log .rated {padding:3px 4px;} .battle-log .rated strong {color:white;background:#89A;padding:1px 4px;border-radius:4px;} .spacer {margin-top:0.5em;} .message-announce {background:#6688AA;color:white;padding:1px 4px 2px;} .message-announce a, .broadcast-green a, .broadcast-blue a, .broadcast-red a {color:#DDEEFF;} .broadcast-green {background-color:#559955;color:white;padding:2px 4px;} .broadcast-blue {background-color:#6688AA;color:white;padding:2px 4px;} .infobox {border:1px solid #6688AA;padding:2px 4px;} .infobox-limited {max-height:200px;overflow:auto;overflow-x:hidden;} .broadcast-red {background-color:#AA5544;color:white;padding:2px 4px;} .message-learn-canlearn {font-weight:bold;color:#228822;text-decoration:underline;} .message-learn-cannotlearn {font-weight:bold;color:#CC2222;text-decoration:underline;} .message-effect-weak {font-weight:bold;color:#CC2222;} .message-effect-resist {font-weight:bold;color:#6688AA;} .message-effect-immune {font-weight:bold;color:#666666;} .message-learn-list {margin-top:0;margin-bottom:0;} .message-throttle-notice, .message-error {color:#992222;} .message-overflow, .chat small.message-overflow {font-size:0pt;} .message-overflow::before {font-size:9pt;content:'...';} .subtle {color:#3A4A66;}
</style>
<div class="wrapper replay-wrapper" style="max-width:1180px;margin:0 auto">
<input type="hidden" name="replayid" value="gen7ou-778616445" />
<div class="battle"></div><div class="battle-log"></div><div class="replay-controls"></div><div class="replay-controls-2"></div>
<h1 style="font-weight:normal;text-align:center"><strong>[Gen 7] OU</strong><br /><a href="http://pokemonshowdown.com/users/tueminhall" class="subtle" target="_blank">Tue Minh &gt; all</a> vs. <a href="http://pokemonshowdown.com/users/ajaymt" class="subtle" target="_blank">ajaymt</a></h1>
<script type="text/plain" class="battle-log-data">|j|☆Tue Minh > all
|j|☆ajaymt


|player|p1|Tue Minh > all|101



|player|p2|ajaymt|70
|teamsize|p1|6
|teamsize|p2|6
|gametype|singles
|gen|7
|tier|[Gen 7] OU
|rated|
|seed|
|rule|Sleep Clause Mod: Limit one foe put to sleep
|rule|Species Clause: Limit one of each Pokémon
|rule|OHKO Clause: OHKO moves are banned
|rule|Moody Clause: Moody is banned
|rule|Evasion Moves Clause: Evasion moves are banned
|rule|Endless Battle Clause: Forcing endless battles is banned
|rule|HP Percentage Mod: HP is shown in percentages
|clearpoke
|poke|p1|Alakazam, M|item
|poke|p1|Magnezone|item
|poke|p1|Zygarde|item
|poke|p1|Tangrowth, F|item
|poke|p1|Clefable, M|item
|poke|p1|Landorus-Therian, M|item
|poke|p2|Greninja, M|item
|poke|p2|Bisharp, F|item
|poke|p2|Clefable, F|item
|poke|p2|Gastrodon-East, M|item
|poke|p2|Heatran, F|item
|poke|p2|Landorus-Therian, M|item
|teampreview


|inactive|Time left: 150 sec this turn | 220 sec total


|inactive|Battle timer is ON: inactive players will automatically lose when time's up. (requested by ajaymt)



|inactive|Tue Minh > all has 135 seconds left.



|
|start
|switch|p1a: Landorus|Landorus-Therian, M|100\/100
|switch|p2a: Greninja|Greninja, M|285\/285
|-ability|p1a: Landorus|Intimidate|boost
|-unboost|p2a: Greninja|atk|1
|turn|1


|inactive|Time left: 150 sec this turn | 225 sec total


|
|switch|p2a: Landorus|Landorus-Therian, M|319\/319
|-ability|p2a: Landorus|Intimidate|boost
|-unboost|p1a: Landorus|atk|1
|move|p1a: Landorus|U-turn|p2a: Landorus
|-resisted|p2a: Landorus
|-damage|p2a: Landorus|286\/319


|inactive|Time left: 150 sec this turn | 230 sec total


|
|switch|p1a: Clefable|Clefable, M|100\/100
|
|upkeep
|turn|2


|inactive|Time left: 150 sec this turn | 240 sec total


|
|move|p2a: Landorus|U-turn|p1a: Clefable
|-resisted|p1a: Clefable
|-damage|p1a: Clefable|91\/100


|inactive|Time left: 150 sec this turn | 245 sec total


|
|switch|p2a: Heatran|Heatran, F|386\/386
|move|p1a: Clefable|Stealth Rock|p2a: Heatran
|-sidestart|p2: ajaymt|move: Stealth Rock
|
|-heal|p1a: Clefable|97\/100|[from] item: Leftovers
|upkeep
|turn|3


|inactive|Time left: 150 sec this turn | 255 sec total


|
|switch|p1a: Zygarde|Zygarde|100\/100
|-ability|p1a: Zygarde|Aura Break
|move|p2a: Heatran|Stealth Rock|p1a: Zygarde
|-sidestart|p1: Tue Minh > all|move: Stealth Rock
|
|upkeep
|turn|4


|inactive|Time left: 150 sec this turn | 265 sec total


|
|switch|p2a: Clefable|Clefable, F|393\/393
|move|p1a: Zygarde|Thousand Arrows|p2a: Clefable
|-damage|p2a: Clefable|209\/393
|
|-heal|p2a: Clefable|233\/393|[from] item: Leftovers
|upkeep
|turn|5


|inactive|Time left: 150 sec this turn | 270 sec total


|
|switch|p1a: Tangrowth|Tangrowth, F|100\/100
|-damage|p1a: Tangrowth|88\/100|[from] Stealth Rock
|move|p2a: Clefable|Moonblast|p1a: Tangrowth
|-damage|p1a: Tangrowth|67\/100
|
|-heal|p2a: Clefable|257\/393|[from] item: Leftovers
|upkeep
|turn|6


|inactive|Time left: 150 sec this turn | 270 sec total


|
|move|p2a: Clefable|Soft-Boiled|p2a: Clefable
|-heal|p2a: Clefable|393\/393
|move|p1a: Tangrowth|Knock Off|p2a: Clefable
|-resisted|p2a: Clefable
|-damage|p2a: Clefable|361\/393
|-enditem|p2a: Clefable|Leftovers|[from] move: Knock Off|[of] p1a: Tangrowth
|
|upkeep
|turn|7


|inactive|Time left: 150 sec this turn | 280 sec total


|
|move|p2a: Clefable|Calm Mind|p2a: Clefable
|-boost|p2a: Clefable|spa|1
|-boost|p2a: Clefable|spd|1
|move|p1a: Tangrowth|Sludge Bomb|p2a: Clefable
|-supereffective|p2a: Clefable
|-damage|p2a: Clefable|249\/393
|
|upkeep
|turn|8


|inactive|Time left: 150 sec this turn | 285 sec total


|
|switch|p1a: Magnezone|Magnezone|100\/100
|-damage|p1a: Magnezone|94\/100|[from] Stealth Rock
|move|p2a: Clefable|Soft-Boiled|p2a: Clefable
|-heal|p2a: Clefable|393\/393
|
|upkeep
|turn|9


|inactive|Time left: 150 sec this turn | 295 sec total


|
|switch|p2a: Gastrodon|Gastrodon-East, M|425\/425
|-damage|p2a: Gastrodon|399\/425|[from] Stealth Rock
|move|p1a: Magnezone|Flash Cannon|p2a: Gastrodon
|-resisted|p2a: Gastrodon
|-damage|p2a: Gastrodon|307\/425
|
|-heal|p2a: Gastrodon|333\/425|[from] item: Leftovers
|upkeep
|turn|10


|inactive|Time left: 150 sec this turn | 305 sec total


|
|switch|p1a: Tangrowth|Tangrowth, F|99\/100
|-damage|p1a: Tangrowth|88\/100|[from] Stealth Rock
|move|p2a: Gastrodon|Toxic|p1a: Tangrowth
|-status|p1a: Tangrowth|tox
|
|-heal|p2a: Gastrodon|359\/425|[from] item: Leftovers
|-damage|p1a: Tangrowth|82\/100 tox|[from] psn
|upkeep
|turn|11


|inactive|Time left: 150 sec this turn | 315 sec total


|
|switch|p2a: Heatran|Heatran, F|386\/386
|-damage|p2a: Heatran|338\/386|[from] Stealth Rock
|move|p1a: Tangrowth|Knock Off|p2a: Heatran
|-damage|p2a: Heatran|271\/386
|-enditem|p2a: Heatran|Leftovers|[from] move: Knock Off|[of] p1a: Tangrowth
|
|-damage|p1a: Tangrowth|69\/100 tox|[from] psn
|upkeep
|turn|12


|inactive|Time left: 150 sec this turn | 320 sec total


|
|switch|p1a: Zygarde|Zygarde|100\/100
|-damage|p1a: Zygarde|94\/100|[from] Stealth Rock
|-ability|p1a: Zygarde|Aura Break
|move|p2a: Heatran|Magma Storm|p1a: Zygarde
|-resisted|p1a: Zygarde
|-damage|p1a: Zygarde|72\/100
|-activate|p1a: Zygarde|move: Magma Storm|[of] p2a: Heatran
|
|-damage|p1a: Zygarde|60\/100|[from] move: Magma Storm|[partiallytrapped]
|upkeep
|turn|13


|inactive|Time left: 150 sec this turn | 325 sec total


|
|switch|p2a: Clefable|Clefable, F|393\/393
|move|p1a: Zygarde|Iron Tail|p2a: Clefable
|-supereffective|p2a: Clefable
|-damage|p2a: Clefable|91\/393
|-unboost|p2a: Clefable|def|1
|
|upkeep
|turn|14


|inactive|Time left: 150 sec this turn | 330 sec total


|
|switch|p1a: Clefable|Clefable, M|97\/100
|move|p2a: Clefable|Soft-Boiled|p2a: Clefable
|-heal|p2a: Clefable|288\/393
|
|-heal|p1a: Clefable|100\/100|[from] item: Leftovers
|upkeep
|turn|15


|inactive|Time left: 150 sec this turn | 335 sec total


|
|move|p2a: Clefable|Soft-Boiled|p2a: Clefable
|-heal|p2a: Clefable|393\/393
|move|p1a: Clefable|Calm Mind|p1a: Clefable
|-boost|p1a: Clefable|spa|1
|-boost|p1a: Clefable|spd|1
|
|upkeep
|turn|16


|inactive|Time left: 150 sec this turn | 345 sec total


|inactive|ajaymt has 135 seconds left.



|inactive|ajaymt has 120 seconds left.



|
|switch|p2a: Greninja|Greninja, M|285\/285
|-damage|p2a: Greninja|250\/285|[from] Stealth Rock
|move|p1a: Clefable|Calm Mind|p1a: Clefable
|-boost|p1a: Clefable|spa|1
|-boost|p1a: Clefable|spd|1
|
|upkeep
|turn|17


|inactive|Time left: 150 sec this turn | 325 sec total


|
|move|p2a: Greninja|Gunk Shot|p1a: Clefable
|-start|p2a: Greninja|typechange|Poison|[from] Protean
|-supereffective|p1a: Clefable
|-damage|p1a: Clefable|44\/100
|-status|p1a: Clefable|psn
|move|p1a: Clefable|Soft-Boiled|p1a: Clefable
|-heal|p1a: Clefable|94\/100 psn
|
|-heal|p1a: Clefable|99\/100 psn|[from] item: Leftovers
|upkeep
|turn|18


|inactive|Time left: 150 sec this turn | 335 sec total


|
|move|p2a: Greninja|Gunk Shot|p1a: Clefable
|-supereffective|p1a: Clefable
|-damage|p1a: Clefable|40\/100 psn
|move|p1a: Clefable|Soft-Boiled|p1a: Clefable
|-heal|p1a: Clefable|90\/100 psn
|
|-heal|p1a: Clefable|96\/100 psn|[from] item: Leftovers
|upkeep
|turn|19


|inactive|Time left: 150 sec this turn | 335 sec total


|
|move|p2a: Greninja|Spikes|p1a: Clefable
|-start|p2a: Greninja|typechange|Ground|[from] Protean
|-sidestart|p1: Tue Minh > all|Spikes
|move|p1a: Clefable|Soft-Boiled|p1a: Clefable
|-heal|p1a: Clefable|100\/100 psn
|
|upkeep
|turn|20


|inactive|Time left: 150 sec this turn | 340 sec total


|
|move|p2a: Greninja|Gunk Shot|p1a: Clefable
|-start|p2a: Greninja|typechange|Poison|[from] Protean
|-supereffective|p1a: Clefable
|-damage|p1a: Clefable|37\/100 psn
|move|p1a: Clefable|Moonblast|p2a: Greninja
|-resisted|p2a: Greninja
|-damage|p2a: Greninja|103\/285
|-unboost|p2a: Greninja|spa|1
|
|-heal|p1a: Clefable|43\/100 psn|[from] item: Leftovers
|upkeep
|turn|21


|inactive|Time left: 150 sec this turn | 345 sec total


|
|switch|p1a: Landorus|Landorus-Therian, M|100\/100
|-damage|p1a: Landorus|88\/100|[from] Stealth Rock
|-ability|p1a: Landorus|Intimidate|boost
|-unboost|p2a: Greninja|atk|1
|move|p2a: Greninja|Gunk Shot|p1a: Landorus|[miss]
|-miss|p2a: Greninja|p1a: Landorus
|
|upkeep
|turn|22


|inactive|Time left: 150 sec this turn | 345 sec total


|
|move|p1a: Landorus|Stone Edge|p2a: Greninja|[miss]
|-miss|p1a: Landorus|p2a: Greninja
|move|p2a: Greninja|Spikes|p1a: Landorus
|-start|p2a: Greninja|typechange|Ground|[from] Protean
|-sidestart|p1: Tue Minh > all|Spikes
|
|upkeep
|turn|23


|inactive|Time left: 150 sec this turn | 350 sec total


|
|switch|p1a: Alakazam|Alakazam, M|100\/100
|move|p2a: Greninja|Spikes|p1a: Alakazam
|-sidestart|p1: Tue Minh > all|Spikes
|
|upkeep
|turn|24


|inactive|Time left: 150 sec this turn | 355 sec total


|
|detailschange|p1a: Alakazam|Alakazam-Mega, M
|-mega|p1a: Alakazam|Alakazam|Alakazite
|-ability|p1a: Alakazam|Protean|[from] ability: Trace|[of] p2a: Greninja
|move|p1a: Alakazam|Shadow Ball|p2a: Greninja
|-start|p1a: Alakazam|typechange|Ghost|[from] Protean
|-damage|p2a: Greninja|0 fnt
|faint|p2a: Greninja
|
|upkeep


|inactive|Time left: 150 sec this turn | 365 sec total


|inactive|ajaymt has 135 seconds left.



|
|switch|p2a: Bisharp|Bisharp, F|271\/271
|-damage|p2a: Bisharp|255\/271|[from] Stealth Rock
|turn|25


|inactive|Time left: 150 sec this turn | 360 sec total


|
|switch|p1a: Tangrowth|Tangrowth, F|100\/100 tox
|-damage|p1a: Tangrowth|88\/100 tox|[from] Stealth Rock
|-damage|p1a: Tangrowth|63\/100 tox|[from] Spikes
|move|p2a: Bisharp|Sucker Punch|p1a: Tangrowth|[still]
|-fail|p2a: Bisharp
|
|-damage|p1a: Tangrowth|57\/100 tox|[from] psn
|upkeep
|turn|26


|inactive|Time left: 150 sec this turn | 370 sec total


|inactive|Tue Minh > all has 135 seconds left.



|
|move|p2a: Bisharp|Knock Off|p1a: Tangrowth
|-damage|p1a: Tangrowth|12\/100 tox
|-enditem|p1a: Tangrowth|Assault Vest|[from] move: Knock Off|[of] p2a: Bisharp
|-damage|p2a: Bisharp|228\/271|[from] item: Life Orb
|move|p1a: Tangrowth|Knock Off|p2a: Bisharp
|-resisted|p2a: Bisharp
|-damage|p2a: Bisharp|188\/271
|-enditem|p2a: Bisharp|Life Orb|[from] move: Knock Off|[of] p1a: Tangrowth
|
|-damage|p1a: Tangrowth|0 fnt|[from] psn
|upkeep
|faint|p1a: Tangrowth


|inactive|Time left: 150 sec this turn | 370 sec total


|inactive|Tue Minh > all has 135 seconds left.



|
|switch|p1a: Landorus|Landorus-Therian, M|88\/100
|-damage|p1a: Landorus|76\/100|[from] Stealth Rock
|-ability|p1a: Landorus|Intimidate|boost
|-unboost|p2a: Bisharp|atk|1
|-ability|p2a: Bisharp|Defiant|boost
|-boost|p2a: Bisharp|atk|2
|turn|27


|inactive|Time left: 150 sec this turn | 380 sec total


|inactive|ajaymt has 135 seconds left.



|inactive|Tue Minh > all has 135 seconds left.



|
|switch|p2a: Clefable|Clefable, F|393\/393
|move|p1a: Landorus|Earthquake|p2a: Clefable
|-crit|p2a: Clefable
|-damage|p2a: Clefable|126\/393
|
|upkeep
|turn|28


|inactive|Time left: 150 sec this turn | 365 sec total


|
|switch|p1a: Clefable|Clefable, M|43\/100 psn
|move|p2a: Clefable|Soft-Boiled|p2a: Clefable
|-heal|p2a: Clefable|323\/393
|
|-heal|p1a: Clefable|49\/100 psn|[from] item: Leftovers
|upkeep
|turn|29


|inactive|Time left: 150 sec this turn | 370 sec total


|
|switch|p2a: Heatran|Heatran, F|271\/386
|-damage|p2a: Heatran|223\/386|[from] Stealth Rock
|move|p1a: Clefable|Soft-Boiled|p1a: Clefable
|-heal|p1a: Clefable|99\/100 psn
|
|-heal|p1a: Clefable|100\/100 psn|[from] item: Leftovers
|upkeep
|turn|30


|inactive|Time left: 150 sec this turn | 375 sec total


|
|switch|p1a: Alakazam|Alakazam-Mega, M|100\/100
|-damage|p1a: Alakazam|76\/100|[from] Spikes
|-damage|p1a: Alakazam|63\/100|[from] Stealth Rock
|-ability|p1a: Alakazam|Flash Fire|[from] ability: Trace|[of] p2a: Heatran
|move|p2a: Heatran|Taunt|p1a: Alakazam
|-start|p1a: Alakazam|move: Taunt
|
|upkeep
|turn|31


|inactive|Time left: 150 sec this turn | 380 sec total


|inactive|Tue Minh > all has 135 seconds left.



|
|switch|p2a: Landorus|Landorus-Therian, M|286\/319
|-damage|p2a: Landorus|247\/319|[from] Stealth Rock
|-ability|p2a: Landorus|Intimidate|boost
|-unboost|p1a: Alakazam|atk|1
|move|p1a: Alakazam|Focus Blast|p2a: Landorus
|-resisted|p2a: Landorus
|-damage|p2a: Landorus|140\/319
|
|upkeep
|turn|32


|inactive|Time left: 150 sec this turn | 385 sec total


|
|switch|p1a: Landorus|Landorus-Therian, M|76\/100
|-damage|p1a: Landorus|64\/100|[from] Stealth Rock
|-ability|p1a: Landorus|Intimidate|boost
|-unboost|p2a: Landorus|atk|1
|move|p2a: Landorus|U-turn|p1a: Landorus
|-resisted|p1a: Landorus
|-damage|p1a: Landorus|53\/100


|inactive|Time left: 150 sec this turn | 390 sec total


|inactive|ajaymt has 135 seconds left.



|
|switch|p2a: Bisharp|Bisharp, F|188\/271
|-damage|p2a: Bisharp|172\/271|[from] Stealth Rock
|
|upkeep
|turn|33


|inactive|Time left: 150 sec this turn | 385 sec total


|
|move|p2a: Bisharp|Sucker Punch|p1a: Landorus|[still]
|-fail|p2a: Bisharp
|move|p1a: Landorus|Defog|p2a: Bisharp
|-unboost|p2a: Bisharp|evasion|1
|-ability|p2a: Bisharp|Defiant|boost
|-boost|p2a: Bisharp|atk|2
|-sideend|p2: ajaymt|Stealth Rock|[from] move: Defog|[of] p2a: Bisharp
|-sideend|p1: Tue Minh > all|Spikes|[from] move: Defog|[of] p1a: Landorus
|-sideend|p1: Tue Minh > all|Stealth Rock|[from] move: Defog|[of] p1a: Landorus
|
|upkeep
|turn|34


|inactive|Time left: 150 sec this turn | 395 sec total


|c|☆Tue Minh > all|did sucker kill from that range?



|inactive|Tue Minh > all has 135 seconds left.



|c|☆ajaymt|roll



|c|☆Tue Minh > all|ah



|inactive|Tue Minh > all has 120 seconds left.



|
|switch|p1a: Magnezone|Magnezone|94\/100
|move|p2a: Bisharp|Swords Dance|p2a: Bisharp
|-boost|p2a: Bisharp|atk|2
|
|upkeep
|turn|35


|inactive|Time left: 150 sec this turn | 400 sec total


|
|move|p2a: Bisharp|Sucker Punch|p1a: Magnezone
|-damage|p1a: Magnezone|0 fnt
|faint|p1a: Magnezone
|
|upkeep


|inactive|Time left: 150 sec this turn | 405 sec total


|
|switch|p1a: Zygarde|Zygarde|60\/100
|-ability|p1a: Zygarde|Aura Break
|turn|36


|inactive|Time left: 150 sec this turn | 415 sec total


|inactive|Tue Minh > all has 135 seconds left.



|
|move|p1a: Zygarde|Extreme Speed|p2a: Bisharp
|-resisted|p2a: Bisharp
|-damage|p2a: Bisharp|111\/271
|move|p2a: Bisharp|Sucker Punch|p1a: Zygarde|[still]
|-fail|p2a: Bisharp
|
|upkeep
|turn|37


|inactive|Time left: 150 sec this turn | 425 sec total


|inactive|Tue Minh > all has 135 seconds left.



|inactive|Tue Minh > all has 120 seconds left.



|
|switch|p1a: Clefable|Clefable, M|100\/100 psn
|move|p2a: Bisharp|Knock Off|p1a: Clefable
|-resisted|p1a: Clefable
|-damage|p1a: Clefable|39\/100 psn
|-enditem|p1a: Clefable|Leftovers|[from] move: Knock Off|[of] p2a: Bisharp
|
|upkeep
|turn|38


|inactive|Time left: 150 sec this turn | 430 sec total


|
|move|p2a: Bisharp|Iron Head|p1a: Clefable
|-supereffective|p1a: Clefable
|-damage|p1a: Clefable|0 fnt
|faint|p1a: Clefable
|
|upkeep


|inactive|Time left: 150 sec this turn | 435 sec total


|
|switch|p1a: Zygarde|Zygarde|60\/100
|-ability|p1a: Zygarde|Aura Break
|turn|39


|inactive|Time left: 150 sec this turn | 445 sec total


|
|move|p1a: Zygarde|Extreme Speed|p2a: Bisharp
|-resisted|p2a: Bisharp
|-crit|p2a: Bisharp
|-damage|p2a: Bisharp|6\/271
|move|p2a: Bisharp|Sucker Punch|p1a: Zygarde|[still]
|-fail|p2a: Bisharp
|
|upkeep
|turn|40


|inactive|Time left: 150 sec this turn | 450 sec total


|
|move|p1a: Zygarde|Extreme Speed|p2a: Bisharp
|-resisted|p2a: Bisharp
|-damage|p2a: Bisharp|0 fnt
|faint|p2a: Bisharp
|
|upkeep


|inactive|Time left: 150 sec this turn | 455 sec total


|inactive|ajaymt has 135 seconds left.



|
|switch|p2a: Heatran|Heatran, F|223\/386
|turn|41


|inactive|Time left: 150 sec this turn | 445 sec total


|
|switch|p1a: Alakazam|Alakazam-Mega, M|63\/100
|-ability|p1a: Alakazam|Flash Fire|[from] ability: Trace|[of] p2a: Heatran
|move|p2a: Heatran|Stealth Rock|p1a: Alakazam
|-sidestart|p1: Tue Minh > all|move: Stealth Rock
|
|upkeep
|turn|42


|inactive|Time left: 150 sec this turn | 455 sec total


|
|move|p1a: Alakazam|Recover|p1a: Alakazam
|-heal|p1a: Alakazam|100\/100
|move|p2a: Heatran|Taunt|p1a: Alakazam
|-start|p1a: Alakazam|move: Taunt
|
|upkeep
|turn|43


|inactive|Time left: 150 sec this turn | 460 sec total


|
|move|p1a: Alakazam|Focus Blast|p2a: Heatran
|-supereffective|p2a: Heatran
|-damage|p2a: Heatran|0 fnt
|faint|p2a: Heatran
|
|upkeep


|inactive|Time left: 150 sec this turn | 465 sec total


|
|switch|p2a: Landorus|Landorus-Therian, M|140\/319
|-ability|p2a: Landorus|Intimidate|boost
|-unboost|p1a: Alakazam|atk|1
|turn|44


|inactive|Time left: 150 sec this turn | 475 sec total


|
|switch|p1a: Landorus|Landorus-Therian, M|53\/100
|-damage|p1a: Landorus|41\/100|[from] Stealth Rock
|-ability|p1a: Landorus|Intimidate|boost
|-unboost|p2a: Landorus|atk|1
|move|p2a: Landorus|U-turn|p1a: Landorus
|-resisted|p1a: Landorus
|-damage|p1a: Landorus|31\/100


|inactive|Time left: 150 sec this turn | 475 sec total


|
|switch|p2a: Clefable|Clefable, F|323\/393
|
|upkeep
|turn|45


|inactive|Time left: 150 sec this turn | 480 sec total


|
|move|p1a: Landorus|U-turn|p2a: Clefable
|-resisted|p2a: Clefable
|-damage|p2a: Clefable|284\/393


|inactive|Time left: 150 sec this turn | 485 sec total


|
|switch|p1a: Alakazam|Alakazam-Mega, M|100\/100
|-damage|p1a: Alakazam|88\/100|[from] Stealth Rock
|-ability|p1a: Alakazam|Magic Guard|[from] ability: Trace|[of] p2a: Clefable
|move|p2a: Clefable|Soft-Boiled|p2a: Clefable
|-heal|p2a: Clefable|393\/393
|
|upkeep
|turn|46


|inactive|Time left: 150 sec this turn | 495 sec total


|
|switch|p2a: Gastrodon|Gastrodon-East, M|359\/425
|move|p1a: Alakazam|Psychic|p2a: Gastrodon
|-damage|p2a: Gastrodon|167\/425
|
|-heal|p2a: Gastrodon|193\/425|[from] item: Leftovers
|upkeep
|turn|47


|inactive|Time left: 150 sec this turn | 495 sec total


|
|move|p1a: Alakazam|Psychic|p2a: Gastrodon
|-damage|p2a: Gastrodon|22\/425
|move|p2a: Gastrodon|Earthquake|p1a: Alakazam
|-damage|p1a: Alakazam|31\/100
|
|-heal|p2a: Gastrodon|48\/425|[from] item: Leftovers
|upkeep
|turn|48


|inactive|Time left: 150 sec this turn | 500 sec total


|
|move|p1a: Alakazam|Psychic|p2a: Gastrodon
|-damage|p2a: Gastrodon|0 fnt
|faint|p2a: Gastrodon
|
|upkeep


|inactive|Time left: 150 sec this turn | 500 sec total


|
|switch|p2a: Landorus|Landorus-Therian, M|140\/319
|-ability|p2a: Landorus|Intimidate|boost
|-unboost|p1a: Alakazam|atk|1
|turn|49


|inactive|Time left: 150 sec this turn | 510 sec total


|
|switch|p1a: Landorus|Landorus-Therian, M|31\/100
|-damage|p1a: Landorus|19\/100|[from] Stealth Rock
|-ability|p1a: Landorus|Intimidate|boost
|-unboost|p2a: Landorus|atk|1
|move|p2a: Landorus|U-turn|p1a: Landorus
|-resisted|p1a: Landorus
|-damage|p1a: Landorus|9\/100


|inactive|Time left: 150 sec this turn | 520 sec total


|
|switch|p2a: Clefable|Clefable, F|393\/393
|
|upkeep
|turn|50


|inactive|Time left: 150 sec this turn | 525 sec total


|inactive|Tue Minh > all has 135 seconds left.



|
|switch|p2a: Landorus|Landorus-Therian, M|140\/319
|-ability|p2a: Landorus|Intimidate|boost
|-unboost|p1a: Landorus|atk|1
|move|p1a: Landorus|Defog|p2a: Landorus
|-unboost|p2a: Landorus|evasion|1
|-sideend|p1: Tue Minh > all|Stealth Rock|[from] move: Defog|[of] p1a: Landorus
|
|upkeep
|turn|51


|inactive|Time left: 150 sec this turn | 535 sec total


|
|move|p1a: Landorus|Defog|p2a: Landorus
|-unboost|p2a: Landorus|evasion|1
|move|p2a: Landorus|U-turn|p1a: Landorus
|-resisted|p1a: Landorus
|-damage|p1a: Landorus|0 fnt
|faint|p1a: Landorus


|inactive|Time left: 150 sec this turn | 540 sec total


|
|switch|p2a: Clefable|Clefable, F|393\/393
|
|upkeep


|inactive|Time left: 150 sec this turn | 545 sec total


|
|switch|p1a: Alakazam|Alakazam-Mega, M|31\/100
|-ability|p1a: Alakazam|Magic Guard|[from] ability: Trace|[of] p2a: Clefable
|turn|52


|inactive|Time left: 150 sec this turn | 555 sec total


|
|move|p1a: Alakazam|Recover|p1a: Alakazam
|-heal|p1a: Alakazam|81\/100
|move|p2a: Clefable|Calm Mind|p2a: Clefable
|-boost|p2a: Clefable|spa|1
|-boost|p2a: Clefable|spd|1
|
|upkeep
|turn|53


|inactive|Time left: 150 sec this turn | 555 sec total


|
|move|p1a: Alakazam|Psychic|p2a: Clefable
|-damage|p2a: Clefable|243\/393
|move|p2a: Clefable|Calm Mind|p2a: Clefable
|-boost|p2a: Clefable|spa|1
|-boost|p2a: Clefable|spd|1
|
|upkeep
|turn|54


|inactive|Time left: 150 sec this turn | 560 sec total


|
|switch|p1a: Zygarde|Zygarde|60\/100
|-ability|p1a: Zygarde|Aura Break
|move|p2a: Clefable|Soft-Boiled|p2a: Clefable
|-heal|p2a: Clefable|393\/393
|
|upkeep
|turn|55


|inactive|Time left: 150 sec this turn | 570 sec total


|
|move|p1a: Zygarde|Iron Tail|p2a: Clefable
|-supereffective|p2a: Clefable
|-damage|p2a: Clefable|105\/393
|move|p2a: Clefable|Moonblast|p1a: Zygarde
|-supereffective|p1a: Zygarde
|-damage|p1a: Zygarde|0 fnt
|faint|p1a: Zygarde
|
|upkeep


|inactive|Time left: 150 sec this turn | 580 sec total


|
|switch|p1a: Alakazam|Alakazam-Mega, M|81\/100
|-ability|p1a: Alakazam|Magic Guard|[from] ability: Trace|[of] p2a: Clefable
|turn|56


|inactive|Time left: 150 sec this turn | 590 sec total


|
|move|p1a: Alakazam|Psychic|p2a: Clefable
|-damage|p2a: Clefable|0 fnt
|faint|p2a: Clefable
|
|upkeep


|inactive|Time left: 150 sec this turn | 595 sec total


|
|switch|p2a: Landorus|Landorus-Therian, M|140\/319
|-ability|p2a: Landorus|Intimidate|boost
|-unboost|p1a: Alakazam|atk|1
|turn|57


|inactive|Time left: 150 sec this turn | 605 sec total


|
|move|p2a: Landorus|Earthquake|p1a: Alakazam
|-damage|p1a: Alakazam|0 fnt
|faint|p1a: Alakazam
|
|win|ajaymt


|inactive|Time left: 150 sec this turn | 615 sec total

||Ladder updating...


|c|☆ajaymt|gg



|c|☆Tue Minh > all|gg

</script>
</div>
<div class="battle-log battle-log-inline"><div class="inner"><div class="chat"><small>☆Tue Minh &gt; all joined.</small></div><div class="chat"><small>☆ajaymt joined.</small></div><div style="padding:5px 0"><small>Format:</small> <br><strong>[Gen 7] OU</strong></div><div class="rated"><strong>Rated battle</strong></div><div><small><em>Sleep Clause Mod:</em> Limit one foe put to sleep</small></div><div><small><em>Species Clause:</em> Limit one of each Pokémon</small></div><div><small><em>OHKO Clause:</em> OHKO moves are banned</small></div><div><small><em>Moody Clause:</em> Moody is banned</small></div><div><small><em>Evasion Moves Clause:</em> Evasion moves are banned</small></div><div><small><em>Endless Battle Clause:</em> Forcing endless battles is banned</small></div><div><small><em>HP Percentage Mod:</em> HP is shown in percentages</small></div><div class="chat battle-history"><strong>ajaymt's team:</strong> <em style="color:#445566;display:block;">Greninja / Bisharp / Clefable / Gastrodon-East / Heatran / Landorus-Therian</em></div><div class="chat battle-history"><strong>Tue Minh &gt; all's team:</strong> <em style="color:#445566;display:block;">Alakazam / Magnezone / Zygarde / Tangrowth / Clefable / Landorus-Therian</em></div><div class="chat message-error">Battle timer is ON: inactive players will automatically lose when time's up. (requested by ajaymt)</div><div class="chat message-error">Tue Minh &gt; all has 135 seconds left.</div><div>Battle between Tue Minh &gt; all and ajaymt started!</div><div class="spacer battle-history"></div><div class="battle-history">Tue Minh &gt; all sent out Landorus-Therian!</div><div class="spacer battle-history"></div><div class="battle-history">Go! Greninja!</div><div class="battle-history"><small>[Opposing <span class="battle-nickname-foe" title="Landorus-Therian">Landorus</span>'s Intimidate!]</small></div><div class="battle-history"><small><span class="battle-nickname" title="Greninja">Greninja</span>'s Attack fell! </small></div><h2 class="battle-history">Turn 1</h2><div class="spacer battle-history"></div><div class="battle-history"><span class="battle-nickname" title="Greninja">Greninja</span>, come back!</div><div class="battle-history">Go! <span class="battle-nickname" title="Landorus-Therian">Landorus <small>(Landorus-Therian)</small></span>!</div><div class="battle-history"><small>[<span class="battle-nickname" title="Landorus-Therian">Landorus</span>'s Intimidate!]</small></div><div class="battle-history"><small>The opposing <span class="battle-nickname-foe" title="Landorus-Therian">Landorus</span>'s Attack fell! </small></div><div class="spacer battle-history"></div><div class="battle-history">The opposing <span class="battle-nickname-foe" title="Landorus-Therian">Landorus</span> used <strong>U-turn</strong>!</div><div class="battle-history"><small>It's not very effective... <br></small><small><span class="battle-nickname" title="Landorus-Therian">Landorus</span> lost <abbr title="−33/319">10.3%</abbr> of its health!</small><br></div><div class="spacer battle-history"></div><div class="battle-history">The opposing <span class="battle-nickname-foe" title="Landorus-Therian">Landorus</span> went back to Tue Minh &gt; all!</div><div class="battle-history">Tue Minh &gt; all sent out Clefable!</div><h2 class="battle-history">Turn 2</h2><div class="spacer battle-history"></div><div class="battle-history"><span class="battle-nickname" title="Landorus-Therian">Landorus</span> used <strong>U-turn</strong>!</div><div class="battle-history"><small>It's not very effective... <br></small><small>The opposing <span class="battle-nickname-foe" title="Clefable">Clefable</span> lost 9% of its health!</small><br></div><div class="spacer battle-history"></div><div class="battle-history"><span class="battle-nickname" title="Landorus-Therian">Landorus</span> went back to ajaymt!</div><div class="battle-history">Go! Heatran!</div><div class="spacer battle-history"></div><div class="battle-history">The opposing <span class="battle-nickname-foe" title="Clefable">Clefable</span> used <strong>Stealth Rock</strong>!</div><div class="battle-history"><small>Pointed stones float in the air around your team!</small></div><div class="spacer battle-history"></div><div class="battle-history"><small>The opposing <span class="battle-nickname-foe" title="Clefable">Clefable</span> restored a little HP using its Leftovers!</small></div><h2 class="battle-history">Turn 3</h2><div class="spacer battle-history"></div><div class="battle-history">Tue Minh &gt; all withdrew Clefable!</div><div class="battle-history">Tue Minh &gt; all sent out Zygarde!</div><div class="battle-history"><small>[Opposing <span class="battle-nickname-foe" title="Zygarde">Zygarde</span>'s Aura Break!]</small></div><div class="battle-history"><small>The opposing <span class="battle-nickname-foe" title="Zygarde">Zygarde</span> reversed all other Pokémon's auras!</small></div><div class="spacer battle-history"></div><div class="battle-history"><span class="battle-nickname" title="Heatran">Heatran</span> used <strong>Stealth Rock</strong>!</div><div class="battle-history"><small>Pointed stones float in the air around the opposing team!</small></div><h2 class="battle-history">Turn 4</h2><div class="spacer battle-history"></div><div class="battle-history"><span class="battle-nickname" title="Heatran">Heatran</span>, come back!</div><div class="battle-history">Go! Clefable!</div><div class="spacer battle-history"></div><div class="battle-history">The opposing <span class="battle-nickname-foe" title="Zygarde">Zygarde</span> used <strong>Thousand Arrows</strong>!</div><div class="battle-history"><small><span class="battle-nickname" title="Clefable">Clefable</span> lost <abbr title="−184/393">46.8%</abbr> of its health!</small><br></div><div class="spacer battle-history"></div><div class="battle-history"><small><span class="battle-nickname" title="Clefable">Clefable</span> restored a little HP using its Leftovers!</small></div><h2 class="battle-history">Turn 5</h2><div class="spacer battle-history"></div><div class="battle-history">Tue Minh &gt; all withdrew Zygarde!</div><div class="battle-history">Tue Minh &gt; all sent out Tangrowth!</div><div class="battle-history"><small>Pointed stones dug into the opposing <span class="battle-nickname-foe" title="Tangrowth">Tangrowth</span>! </small></div><div class="spacer battle-history"></div><div class="battle-history"><span class="battle-nickname" title="Clefable">Clefable</span> used <strong>Moonblast</strong>!</div><div class="battle-history"><small>The opposing <span class="battle-nickname-foe" title="Tangrowth">Tangrowth</span> lost 21% of its health!</small><br></div><div class="spacer battle-history"></div><div class="battle-history"><small><span class="battle-nickname" title="Clefable">Clefable</span> restored a little HP using its Leftovers!</small></div><h2 class="battle-history">Turn 6</h2><div class="spacer battle-history"></div><div class="battle-history"><span class="battle-nickname" title="Clefable">Clefable</span> used <strong>Soft-Boiled</strong>!</div><div class="battle-history"><small><span class="battle-nickname" title="Clefable">Clefable</span> restored its HP.</small></div><div class="spacer battle-history"></div><div class="battle-history">The opposing <span class="battle-nickname-foe" title="Tangrowth">Tangrowth</span> used <strong>Knock Off</strong>!</div><div class="battle-history"><small>It's not very effective... <br></small><small><span class="battle-nickname" title="Clefable">Clefable</span> lost <abbr title="−32/393">8.1%</abbr> of its health!</small><br></div><div class="battle-history"><small>The opposing <span class="battle-nickname-foe" title="Tangrowth">Tangrowth</span> knocked off <span class="battle-nickname" title="Clefable">Clefable</span>'s Leftovers!</small></div><h2 class="battle-history">Turn 7</h2><div class="spacer battle-history"></div><div class="battle-history"><span class="battle-nickname" title="Clefable">Clefable</span> used <strong>Calm Mind</strong>!</div><div class="battle-history"><small><span class="battle-nickname" title="Clefable">Clefable</span>'s Special Attack rose! <br><span class="battle-nickname" title="Clefable">Clefable</span>'s Special Defense rose! </small></div><div class="spacer battle-history"></div><div class="battle-history">The opposing <span class="battle-nickname-foe" title="Tangrowth">Tangrowth</span> used <strong>Sludge Bomb</strong>!</div><div class="battle-history"><small>It's super effective! <br></small><small><span class="battle-nickname" title="Clefable">Clefable</span> lost <abbr title="−112/393">28.5%</abbr> of its health!</small><br></div><h2 class="battle-history">Turn 8</h2><div class="spacer battle-history"></div><div class="battle-history">Tue Minh &gt; all withdrew Tangrowth!</div><div class="battle-history">Tue Minh &gt; all sent out Magnezone!</div><div class="battle-history"><small>Pointed stones dug into the opposing <span class="battle-nickname-foe" title="Magnezone">Magnezone</span>! </small></div><div class="spacer battle-history"></div><div class="battle-history"><span class="battle-nickname" title="Clefable">Clefable</span> used <strong>Soft-Boiled</strong>!</div><div class="battle-history"><small><span class="battle-nickname" title="Clefable">Clefable</span> restored its HP.</small></div><h2 class="battle-history">Turn 9</h2><div class="spacer battle-history"></div><div class="battle-history"><span class="battle-nickname" title="Clefable">Clefable</span>, come back!</div><div class="battle-history">Go! <span class="battle-nickname" title="Gastrodon-East">Gastrodon <small>(Gastrodon-East)</small></span>!</div><div class="battle-history"><small>Pointed stones dug into <span class="battle-nickname" title="Gastrodon-East">Gastrodon</span>! </small></div><div class="spacer battle-history"></div><div class="battle-history">The opposing <span class="battle-nickname-foe" title="Magnezone">Magnezone</span> used <strong>Flash Cannon</strong>!</div><div class="battle-history"><small>It's not very effective... <br></small><small><span class="battle-nickname" title="Gastrodon-East">Gastrodon</span> lost <abbr title="−92/425">21.6%</abbr> of its health!</small><br></div><div class="spacer battle-history"></div><div class="battle-history"><small><span class="battle-nickname" title="Gastrodon-East">Gastrodon</span> restored a little HP using its Leftovers!</small></div><h2 class="battle-history">Turn 10</h2><div class="spacer battle-history"></div><div class="battle-history">Tue Minh &gt; all withdrew Magnezone!</div><div class="battle-history">Tue Minh &gt; all sent out Tangrowth!</div><div class="battle-history"><small>Pointed stones dug into the opposing <span class="battle-nickname-foe" title="Tangrowth">Tangrowth</span>! </small></div><div class="spacer battle-history"></div><div class="battle-history"><span class="battle-nickname" title="Gastrodon-East">Gastrodon</span> used <strong>Toxic</strong>!</div><div class="battle-history"><small>The opposing <span class="battle-nickname-foe" title="Tangrowth">Tangrowth</span> was badly poisoned!</small></div><div class="spacer battle-history"></div><div class="battle-history"><small><span class="battle-nickname" title="Gastrodon-East">Gastrodon</span> restored a little HP using its Leftovers!</small></div><div class="battle-history"><small>The opposing <span class="battle-nickname-foe" title="Tangrowth">Tangrowth</span> was hurt by poison! </small></div><h2 class="battle-history">Turn 11</h2><div class="spacer battle-history"></div><div class="battle-history"><span class="battle-nickname" title="Gastrodon-East">Gastrodon</span>, come back!</div><div class="battle-history">Go! Heatran!</div><div class="battle-history"><small>Pointed stones dug into <span class="battle-nickname" title="Heatran">Heatran</span>! </small></div><div class="spacer battle-history"></div><div class="battle-history">The opposing <span class="battle-nickname-foe" title="Tangrowth">Tangrowth</span> used <strong>Knock Off</strong>!</div><div class="battle-history"><small><span class="battle-nickname" title="Heatran">Heatran</span> lost <abbr title="−67/386">17.4%</abbr> of its health!</small><br></div><div class="battle-history"><small>The opposing <span class="battle-nickname-foe" title="Tangrowth">Tangrowth</span> knocked off <span class="battle-nickname" title="Heatran">Heatran</span>'s Leftovers!</small></div><div class="spacer battle-history"></div><div class="battle-history"><small>The opposing <span class="battle-nickname-foe" title="Tangrowth">Tangrowth</span> was hurt by poison! </small></div><h2 class="battle-history">Turn 12</h2><div class="spacer battle-history"></div><div class="battle-history">Tue Minh &gt; all withdrew Tangrowth!</div><div class="battle-history">Tue Minh &gt; all sent out Zygarde!</div><div class="battle-history"><small>Pointed stones dug into the opposing <span class="battle-nickname-foe" title="Zygarde">Zygarde</span>! </small></div><div class="battle-history"><small>[Opposing <span class="battle-nickname-foe" title="Zygarde">Zygarde</span>'s Aura Break!]</small></div><div class="battle-history"><small>The opposing <span class="battle-nickname-foe" title="Zygarde">Zygarde</span> reversed all other Pokémon's auras!</small></div><div class="spacer battle-history"></div><div class="battle-history"><span class="battle-nickname" title="Heatran">Heatran</span> used <strong>Magma Storm</strong>!</div><div class="battle-history"><small>It's not very effective... <br></small><small>The opposing <span class="battle-nickname-foe" title="Zygarde">Zygarde</span> lost 22% of its health!</small><br></div><div class="battle-history"><small>The opposing <span class="battle-nickname-foe" title="Zygarde">Zygarde</span> became trapped by swirling magma!</small></div><div class="spacer battle-history"></div><div class="battle-history"><small>The opposing <span class="battle-nickname-foe" title="Zygarde">Zygarde</span> is hurt by Magma Storm! </small></div><h2 class="battle-history">Turn 13</h2><div class="spacer battle-history"></div><div class="battle-history"><span class="battle-nickname" title="Heatran">Heatran</span>, come back!</div><div class="battle-history">Go! Clefable!</div><div class="spacer battle-history"></div><div class="battle-history">The opposing <span class="battle-nickname-foe" title="Zygarde">Zygarde</span> used <strong>Iron Tail</strong>!</div><div class="battle-history"><small>It's super effective! <br></small><small><span class="battle-nickname" title="Clefable">Clefable</span> lost <abbr title="−302/393">76.8%</abbr> of its health!</small><br></div><div class="battle-history"><small><span class="battle-nickname" title="Clefable">Clefable</span>'s Defense fell! </small></div><h2 class="battle-history">Turn 14</h2><div class="spacer battle-history"></div><div class="battle-history">Tue Minh &gt; all withdrew Zygarde!</div><div class="battle-history">Tue Minh &gt; all sent out Clefable!</div><div class="spacer battle-history"></div><div class="battle-history"><span class="battle-nickname" title="Clefable">Clefable</span> used <strong>Soft-Boiled</strong>!</div><div class="battle-history"><small><span class="battle-nickname" title="Clefable">Clefable</span> restored its HP.</small></div><div class="spacer battle-history"></div><div class="battle-history"><small>The opposing <span class="battle-nickname-foe" title="Clefable">Clefable</span> restored a little HP using its Leftovers!</small></div><h2 class="battle-history">Turn 15</h2><div class="spacer battle-history"></div><div class="battle-history"><span class="battle-nickname" title="Clefable">Clefable</span> used <strong>Soft-Boiled</strong>!</div><div class="battle-history"><small><span class="battle-nickname" title="Clefable">Clefable</span> restored its HP.</small></div><div class="spacer battle-history"></div><div class="battle-history">The opposing <span class="battle-nickname-foe" title="Clefable">Clefable</span> used <strong>Calm Mind</strong>!</div><div class="battle-history"><small>The opposing <span class="battle-nickname-foe" title="Clefable">Clefable</span>'s Special Attack rose! <br>The opposing <span class="battle-nickname-foe" title="Clefable">Clefable</span>'s Special Defense rose! </small></div><h2 class="battle-history">Turn 16</h2><div class="chat message-error">ajaymt has 135 seconds left.</div><div class="chat message-error">ajaymt has 120 seconds left.</div><div class="spacer battle-history"></div><div class="battle-history"><span class="battle-nickname" title="Clefable">Clefable</span>, come back!</div><div class="battle-history">Go! Greninja!</div><div class="battle-history"><small>Pointed stones dug into <span class="battle-nickname" title="Greninja">Greninja</span>! </small></div><div class="spacer battle-history"></div><div class="battle-history">The opposing <span class="battle-nickname-foe" title="Clefable">Clefable</span> used <strong>Calm Mind</strong>!</div><div class="battle-history"><small>The opposing <span class="battle-nickname-foe" title="Clefable">Clefable</span>'s Special Attack rose! <br>The opposing <span class="battle-nickname-foe" title="Clefable">Clefable</span>'s Special Defense rose! </small></div><h2 class="battle-history">Turn 17</h2><div class="spacer battle-history"></div><div class="battle-history"><span class="battle-nickname" title="Greninja">Greninja</span> used <strong>Gunk Shot</strong>!</div><div class="spacer battle-history"></div><div class="battle-history"><small>[<span class="battle-nickname" title="Greninja">Greninja</span>'s Protean!]</small></div><div class="battle-history"><small><span class="battle-nickname" title="Greninja">Greninja</span> transformed into the Poison type!</small></div><div class="battle-history"><small>It's super effective! <br></small><small>The opposing <span class="battle-nickname-foe" title="Clefable">Clefable</span> lost 56% of its health!</small><br></div><div class="battle-history"><small>The opposing <span class="battle-nickname-foe" title="Clefable">Clefable</span> was poisoned!</small></div><div class="battle-history">The opposing <span class="battle-nickname-foe" title="Clefable">Clefable</span> used <strong>Soft-Boiled</strong>!</div><div class="battle-history"><small>The opposing <span class="battle-nickname-foe" title="Clefable">Clefable</span> restored its HP.</small></div><div class="spacer battle-history"></div><div class="battle-history"><small>The opposing <span class="battle-nickname-foe" title="Clefable">Clefable</span> restored a little HP using its Leftovers!</small></div><h2 class="battle-history">Turn 18</h2><div class="spacer battle-history"></div><div class="battle-history"><span class="battle-nickname" title="Greninja">Greninja</span> used <strong>Gunk Shot</strong>!</div><div class="battle-history"><small>It's super effective! <br></small><small>The opposing <span class="battle-nickname-foe" title="Clefable">Clefable</span> lost 59% of its health!</small><br></div><div class="spacer battle-history"></div><div class="battle-history">The opposing <span class="battle-nickname-foe" title="Clefable">Clefable</span> used <strong>Soft-Boiled</strong>!</div><div class="battle-history"><small>The opposing <span class="battle-nickname-foe" title="Clefable">Clefable</span> restored its HP.</small></div><div class="spacer battle-history"></div><div class="battle-history"><small>The opposing <span class="battle-nickname-foe" title="Clefable">Clefable</span> restored a little HP using its Leftovers!</small></div><h2 class="battle-history">Turn 19</h2><div class="spacer battle-history"></div><div class="battle-history"><span class="battle-nickname" title="Greninja">Greninja</span> used <strong>Spikes</strong>!</div><div class="spacer battle-history"></div><div class="battle-history"><small>[<span class="battle-nickname" title="Greninja">Greninja</span>'s Protean!]</small></div><div class="battle-history"><small><span class="battle-nickname" title="Greninja">Greninja</span> transformed into the Ground type!</small></div><div class="battle-history"><small>Spikes were scattered on the ground all around the opposing team!</small></div><div class="battle-history">The opposing <span class="battle-nickname-foe" title="Clefable">Clefable</span> used <strong>Soft-Boiled</strong>!</div><div class="battle-history"><small>The opposing <span class="battle-nickname-foe" title="Clefable">Clefable</span> restored its HP.</small></div><h2 class="battle-history">Turn 20</h2><div class="spacer battle-history"></div><div class="battle-history"><span class="battle-nickname" title="Greninja">Greninja</span> used <strong>Gunk Shot</strong>!</div><div class="spacer battle-history"></div><div class="battle-history"><small>[<span class="battle-nickname" title="Greninja">Greninja</span>'s Protean!]</small></div><div class="battle-history"><small><span class="battle-nickname" title="Greninja">Greninja</span> transformed into the Poison type!</small></div><div class="battle-history"><small>It's super effective! <br></small><small>The opposing <span class="battle-nickname-foe" title="Clefable">Clefable</span> lost 63% of its health!</small><br></div><div class="battle-history">The opposing <span class="battle-nickname-foe" title="Clefable">Clefable</span> used <strong>Moonblast</strong>!</div><div class="battle-history"><small>It's not very effective... <br></small><small><span class="battle-nickname" title="Greninja">Greninja</span> lost <abbr title="−147/285">51.6%</abbr> of its health!</small><br></div><div class="battle-history"><small><span class="battle-nickname" title="Greninja">Greninja</span>'s Special Attack fell! </small></div><div class="spacer battle-history"></div><div class="battle-history"><small>The opposing <span class="battle-nickname-foe" title="Clefable">Clefable</span> restored a little HP using its Leftovers!</small></div><h2 class="battle-history">Turn 21</h2><div class="spacer battle-history"></div><div class="battle-history">Tue Minh &gt; all withdrew Clefable!</div><div class="battle-history">Tue Minh &gt; all sent out Landorus-Therian!</div><div class="battle-history"><small>Pointed stones dug into the opposing <span class="battle-nickname-foe" title="Landorus-Therian">Landorus</span>! </small></div><div class="battle-history"><small>[Opposing <span class="battle-nickname-foe" title="Landorus-Therian">Landorus</span>'s Intimidate!]</small></div><div class="battle-history"><small><span class="battle-nickname" title="Greninja">Greninja</span>'s Attack fell! </small></div><div class="spacer battle-history"></div><div class="battle-history"><span class="battle-nickname" title="Greninja">Greninja</span> used <strong>Gunk Shot</strong>!</div><div class="battle-history"><small>The opposing <span class="battle-nickname-foe" title="Landorus-Therian">Landorus</span> avoided the attack!</small></div><h2 class="battle-history">Turn 22</h2><div class="spacer battle-history"></div><div class="battle-history">The opposing <span class="battle-nickname-foe" title="Landorus-Therian">Landorus</span> used <strong>Stone Edge</strong>!</div><div class="battle-history"><small><span class="battle-nickname" title="Greninja">Greninja</span> avoided the attack!</small></div><div class="spacer battle-history"></div><div class="battle-history"><span class="battle-nickname" title="Greninja">Greninja</span> used <strong>Spikes</strong>!</div><div class="spacer battle-history"></div><div class="battle-history"><small>[<span class="battle-nickname" title="Greninja">Greninja</span>'s Protean!]</small></div><div class="battle-history"><small><span class="battle-nickname" title="Greninja">Greninja</span> transformed into the Ground type!</small></div><div class="battle-history"><small>Spikes were scattered on the ground all around the opposing team!</small></div><h2 class="battle-history">Turn 23</h2><div class="spacer battle-history"></div><div class="battle-history">Tue Minh &gt; all withdrew Landorus-Therian!</div><div class="battle-history">Tue Minh &gt; all sent out Alakazam!</div><div class="spacer battle-history"></div><div class="battle-history"><span class="battle-nickname" title="Greninja">Greninja</span> used <strong>Spikes</strong>!</div><div class="battle-history"><small>Spikes were scattered on the ground all around the opposing team!</small></div><h2 class="battle-history">Turn 24</h2><div class="spacer battle-history"></div><div class="battle-history"><small>The opposing <span class="battle-nickname-foe" title="Alakazam-Mega">Alakazam</span>'s Alakazite is reacting to the Key Stone!<br>The opposing <span class="battle-nickname-foe" title="Alakazam-Mega">Alakazam</span> has Mega Evolved into Mega Alakazam!</small></div><div class="battle-history"><small>[Opposing <span class="battle-nickname-foe" title="Alakazam-Mega">Alakazam</span>'s Trace!]</small></div><div class="battle-history"><small>The opposing <span class="battle-nickname-foe" title="Alakazam-Mega">Alakazam</span> traced <span class="battle-nickname" title="Greninja">Greninja</span>'s Protean!</small></div><div class="spacer battle-history"></div><div class="battle-history">The opposing <span class="battle-nickname-foe" title="Alakazam-Mega">Alakazam</span> used <strong>Shadow Ball</strong>!</div><div class="spacer battle-history"></div><div class="battle-history"><small>[Opposing <span class="battle-nickname-foe" title="Alakazam-Mega">Alakazam</span>'s Protean!]</small></div><div class="battle-history"><small>The opposing <span class="battle-nickname-foe" title="Alakazam-Mega">Alakazam</span> transformed into the Ghost type!</small></div><div class="battle-history"><small><span class="battle-nickname" title="Greninja">Greninja</span> lost <abbr title="−103/285">36.1%</abbr> of its health!</small><br></div><div class="spacer battle-history"></div><div class="battle-history"><span class="battle-nickname" title="Greninja">Greninja</span> fainted!</div><div class="chat message-error">ajaymt has 135 seconds left.</div><div class="spacer battle-history"></div><div class="battle-history">Go! Bisharp!</div><div class="battle-history"><small>Pointed stones dug into <span class="battle-nickname" title="Bisharp">Bisharp</span>! </small></div><h2 class="battle-history">Turn 25</h2><div class="spacer battle-history"></div><div class="battle-history">Tue Minh &gt; all withdrew Alakazam-Mega!</div><div class="battle-history">Tue Minh &gt; all sent out Tangrowth!</div><div class="battle-history"><small>Pointed stones dug into the opposing <span class="battle-nickname-foe" title="Tangrowth">Tangrowth</span>! </small></div><div class="battle-history"><small>The opposing <span class="battle-nickname-foe" title="Tangrowth">Tangrowth</span> is hurt by the spikes! </small></div><div class="spacer battle-history"></div><div class="battle-history"><span class="battle-nickname" title="Bisharp">Bisharp</span> used <strong>Sucker Punch</strong>!</div><div class="battle-history"><small>But it failed!</small></div><div class="spacer battle-history"></div><div class="battle-history"><small>The opposing <span class="battle-nickname-foe" title="Tangrowth">Tangrowth</span> was hurt by poison! </small></div><h2 class="battle-history">Turn 26</h2><div class="chat message-error">Tue Minh &gt; all has 135 seconds left.</div><div class="spacer battle-history"></div><div class="battle-history"><span class="battle-nickname" title="Bisharp">Bisharp</span> used <strong>Knock Off</strong>!</div><div class="battle-history"><small>The opposing <span class="battle-nickname-foe" title="Tangrowth">Tangrowth</span> lost 44% of its health!</small><br></div><div class="battle-history"><small><span class="battle-nickname" title="Bisharp">Bisharp</span> knocked off the opposing <span class="battle-nickname-foe" title="Tangrowth">Tangrowth</span>'s Assault Vest!</small></div><div class="battle-history"><small><span class="battle-nickname" title="Bisharp">Bisharp</span> lost some of its HP!</small></div><div class="spacer battle-history"></div><div class="battle-history">The opposing <span class="battle-nickname-foe" title="Tangrowth">Tangrowth</span> used <strong>Knock Off</strong>!</div><div class="battle-history"><small>It's not very effective... <br></small><small><span class="battle-nickname" title="Bisharp">Bisharp</span> lost <abbr title="−40/271">14.8%</abbr> of its health!</small><br></div><div class="battle-history"><small>The opposing <span class="battle-nickname-foe" title="Tangrowth">Tangrowth</span> knocked off <span class="battle-nickname" title="Bisharp">Bisharp</span>'s Life Orb!</small></div><div class="spacer battle-history"></div><div class="battle-history"><small>The opposing <span class="battle-nickname-foe" title="Tangrowth">Tangrowth</span> was hurt by poison! </small></div><div class="spacer battle-history"></div><div class="battle-history">The opposing <span class="battle-nickname-foe" title="Tangrowth">Tangrowth</span> fainted!</div><div class="chat message-error">Tue Minh &gt; all has 135 seconds left.</div><div class="spacer battle-history"></div><div class="battle-history">Tue Minh &gt; all sent out Landorus-Therian!</div><div class="battle-history"><small>Pointed stones dug into the opposing <span class="battle-nickname-foe" title="Landorus-Therian">Landorus</span>! </small></div><div class="battle-history"><small>[Opposing <span class="battle-nickname-foe" title="Landorus-Therian">Landorus</span>'s Intimidate!]</small></div><div class="battle-history"><small><span class="battle-nickname" title="Bisharp">Bisharp</span>'s Attack fell! </small></div><div class="battle-history"><small>[<span class="battle-nickname" title="Bisharp">Bisharp</span>'s Defiant!]</small></div><div class="battle-history"><small><span class="battle-nickname" title="Bisharp">Bisharp</span>'s Attack rose sharply! </small></div><h2 class="battle-history">Turn 27</h2><div class="chat message-error">ajaymt has 135 seconds left.</div><div class="chat message-error">Tue Minh &gt; all has 135 seconds left.</div><div class="spacer battle-history"></div><div class="battle-history"><span class="battle-nickname" title="Bisharp">Bisharp</span>, come back!</div><div class="battle-history">Go! Clefable!</div><div class="spacer battle-history"></div><div class="battle-history">The opposing <span class="battle-nickname-foe" title="Landorus-Therian">Landorus</span> used <strong>Earthquake</strong>!</div><div class="battle-history"><small>A critical hit! <br></small><small><span class="battle-nickname" title="Clefable">Clefable</span> lost <abbr title="−267/393">67.9%</abbr> of its health!</small><br></div><h2 class="battle-history">Turn 28</h2><div class="spacer battle-history"></div><div class="battle-history">Tue Minh &gt; all withdrew Landorus-Therian!</div><div class="battle-history">Tue Minh &gt; all sent out Clefable!</div><div class="spacer battle-history"></div><div class="battle-history"><span class="battle-nickname" title="Clefable">Clefable</span> used <strong>Soft-Boiled</strong>!</div><div class="battle-history"><small><span class="battle-nickname" title="Clefable">Clefable</span> restored its HP.</small></div><div class="spacer battle-history"></div><div class="battle-history"><small>The opposing <span class="battle-nickname-foe" title="Clefable">Clefable</span> restored a little HP using its Leftovers!</small></div><h2 class="battle-history">Turn 29</h2><div class="spacer battle-history"></div><div class="battle-history"><span class="battle-nickname" title="Clefable">Clefable</span>, come back!</div><div class="battle-history">Go! Heatran!</div><div class="battle-history"><small>Pointed stones dug into <span class="battle-nickname" title="Heatran">Heatran</span>! </small></div><div class="spacer battle-history"></div><div class="battle-history">The opposing <span class="battle-nickname-foe" title="Clefable">Clefable</span> used <strong>Soft-Boiled</strong>!</div><div class="battle-history"><small>The opposing <span class="battle-nickname-foe" title="Clefable">Clefable</span> restored its HP.</small></div><div class="spacer battle-history"></div><div class="battle-history"><small>The opposing <span class="battle-nickname-foe" title="Clefable">Clefable</span> restored a little HP using its Leftovers!</small></div><h2 class="battle-history">Turn 30</h2><div class="spacer battle-history"></div><div class="battle-history">Tue Minh &gt; all withdrew Clefable!</div><div class="battle-history">Tue Minh &gt; all sent out Alakazam-Mega!</div><div class="battle-history"><small>The opposing <span class="battle-nickname-foe" title="Alakazam-Mega">Alakazam</span> is hurt by the spikes! </small></div><div class="battle-history"><small>Pointed stones dug into the opposing <span class="battle-nickname-foe" title="Alakazam-Mega">Alakazam</span>! </small></div><div class="battle-history"><small>[Opposing <span class="battle-nickname-foe" title="Alakazam-Mega">Alakazam</span>'s Trace!]</small></div><div class="battle-history"><small>The opposing <span class="battle-nickname-foe" title="Alakazam-Mega">Alakazam</span> traced <span class="battle-nickname" title="Heatran">Heatran</span>'s Flash Fire!</small></div><div class="spacer battle-history"></div><div class="battle-history"><span class="battle-nickname" title="Heatran">Heatran</span> used <strong>Taunt</strong>!</div><div class="battle-history"><small>The opposing <span class="battle-nickname-foe" title="Alakazam-Mega">Alakazam</span> fell for the taunt!</small></div><h2 class="battle-history">Turn 31</h2><div class="chat message-error">Tue Minh &gt; all has 135 seconds left.</div><div class="spacer battle-history"></div><div class="battle-history"><span class="battle-nickname" title="Heatran">Heatran</span>, come back!</div><div class="battle-history">Go! <span class="battle-nickname" title="Landorus-Therian">Landorus <small>(Landorus-Therian)</small></span>!</div><div class="battle-history"><small>Pointed stones dug into <span class="battle-nickname" title="Landorus-Therian">Landorus</span>! </small></div><div class="battle-history"><small>[<span class="battle-nickname" title="Landorus-Therian">Landorus</span>'s Intimidate!]</small></div><div class="battle-history"><small>The opposing <span class="battle-nickname-foe" title="Alakazam-Mega">Alakazam</span>'s Attack fell! </small></div><div class="spacer battle-history"></div><div class="battle-history">The opposing <span class="battle-nickname-foe" title="Alakazam-Mega">Alakazam</span> used <strong>Focus Blast</strong>!</div><div class="battle-history"><small>It's not very effective... <br></small><small><span class="battle-nickname" title="Landorus-Therian">Landorus</span> lost <abbr title="−107/319">33.5%</abbr> of its health!</small><br></div><h2 class="battle-history">Turn 32</h2><div class="spacer battle-history"></div><div class="battle-history">Tue Minh &gt; all withdrew Alakazam-Mega!</div><div class="battle-history">Tue Minh &gt; all sent out Landorus-Therian!</div><div class="battle-history"><small>Pointed stones dug into the opposing <span class="battle-nickname-foe" title="Landorus-Therian">Landorus</span>! </small></div><div class="battle-history"><small>[Opposing <span class="battle-nickname-foe" title="Landorus-Therian">Landorus</span>'s Intimidate!]</small></div><div class="battle-history"><small><span class="battle-nickname" title="Landorus-Therian">Landorus</span>'s Attack fell! </small></div><div class="spacer battle-history"></div><div class="battle-history"><span class="battle-nickname" title="Landorus-Therian">Landorus</span> used <strong>U-turn</strong>!</div><div class="battle-history"><small>It's not very effective... <br></small><small>The opposing <span class="battle-nickname-foe" title="Landorus-Therian">Landorus</span> lost 11% of its health!</small><br></div><div class="chat message-error">ajaymt has 135 seconds left.</div><div class="spacer battle-history"></div><div class="battle-history"><span class="battle-nickname" title="Landorus-Therian">Landorus</span> went back to ajaymt!</div><div class="battle-history">Go! Bisharp!</div><div class="battle-history"><small>Pointed stones dug into <span class="battle-nickname" title="Bisharp">Bisharp</span>! </small></div><h2 class="battle-history">Turn 33</h2><div class="spacer battle-history"></div><div class="battle-history"><span class="battle-nickname" title="Bisharp">Bisharp</span> used <strong>Sucker Punch</strong>!</div><div class="battle-history"><small>But it failed!</small></div><div class="spacer battle-history"></div><div class="battle-history">The opposing <span class="battle-nickname-foe" title="Landorus-Therian">Landorus</span> used <strong>Defog</strong>!</div><div class="battle-history"><small><span class="battle-nickname" title="Bisharp">Bisharp</span>'s evasiveness fell! </small></div><div class="battle-history"><small>[<span class="battle-nickname" title="Bisharp">Bisharp</span>'s Defiant!]</small></div><div class="battle-history"><small><span class="battle-nickname" title="Bisharp">Bisharp</span>'s Attack rose sharply! </small></div><div class="battle-history"><small>The pointed stones disappeared from around your team!</small></div><div class="battle-history"><small>The spikes disappeared from the ground around the opposing team!</small></div><div class="battle-history"><small>The pointed stones disappeared from around the opposing team!</small></div><h2 class="battle-history">Turn 34</h2><div class="chat chatmessage-tueminhall"><strong style="color:hsl(203,79%,47%);"><small>☆</small><span class="username" data-name="Tue Minh > all">Tue Minh &gt; all</span>:</strong> <em>did sucker kill from that range?</em></div><div class="chat message-error">Tue Minh &gt; all has 135 seconds left.</div><div class="chat chatmessage-ajaymt mine"><strong style="color:hsl(189,67%,43%);"><small>☆</small><span class="username" data-name="ajaymt">ajaymt</span>:</strong> <em>roll</em></div><div class="chat chatmessage-tueminhall"><strong style="color:hsl(203,79%,47%);"><small>☆</small><span class="username" data-name="Tue Minh > all">Tue Minh &gt; all</span>:</strong> <em>ah</em></div><div class="chat message-error">Tue Minh &gt; all has 120 seconds left.</div><div class="spacer battle-history"></div><div class="battle-history">Tue Minh &gt; all withdrew Landorus-Therian!</div><div class="battle-history">Tue Minh &gt; all sent out Magnezone!</div><div class="spacer battle-history"></div><div class="battle-history"><span class="battle-nickname" title="Bisharp">Bisharp</span> used <strong>Swords Dance</strong>!</div><div class="battle-history"><small><span class="battle-nickname" title="Bisharp">Bisharp</span>'s Attack rose sharply! </small></div><h2 class="battle-history">Turn 35</h2><div class="spacer battle-history"></div><div class="battle-history"><span class="battle-nickname" title="Bisharp">Bisharp</span> used <strong>Sucker Punch</strong>!</div><div class="battle-history"><small>The opposing <span class="battle-nickname-foe" title="Magnezone">Magnezone</span> lost 94% of its health!</small><br></div><div class="spacer battle-history"></div><div class="battle-history">The opposing <span class="battle-nickname-foe" title="Magnezone">Magnezone</span> fainted!</div><div class="spacer battle-history"></div><div class="battle-history">Tue Minh &gt; all sent out Zygarde!</div><div class="battle-history"><small>[Opposing <span class="battle-nickname-foe" title="Zygarde">Zygarde</span>'s Aura Break!]</small></div><div class="battle-history"><small>The opposing <span class="battle-nickname-foe" title="Zygarde">Zygarde</span> reversed all other Pokémon's auras!</small></div><h2 class="battle-history">Turn 36</h2><div class="chat message-error">Tue Minh &gt; all has 135 seconds left.</div><div class="spacer battle-history"></div><div class="battle-history">The opposing <span class="battle-nickname-foe" title="Zygarde">Zygarde</span> used <strong>Extreme Speed</strong>!</div><div class="battle-history"><small>It's not very effective... <br></small><small><span class="battle-nickname" title="Bisharp">Bisharp</span> lost <abbr title="−61/271">22.5%</abbr> of its health!</small><br></div><div class="spacer battle-history"></div><div class="battle-history"><span class="battle-nickname" title="Bisharp">Bisharp</span> used <strong>Sucker Punch</strong>!</div><div class="battle-history"><small>But it failed!</small></div><h2 class="battle-history">Turn 37</h2><div class="chat message-error">Tue Minh &gt; all has 135 seconds left.</div><div class="chat message-error">Tue Minh &gt; all has 120 seconds left.</div><div class="spacer battle-history"></div><div class="battle-history">Tue Minh &gt; all withdrew Zygarde!</div><div class="battle-history">Tue Minh &gt; all sent out Clefable!</div><div class="spacer battle-history"></div><div class="battle-history"><span class="battle-nickname" title="Bisharp">Bisharp</span> used <strong>Knock Off</strong>!</div><div class="battle-history"><small>It's not very effective... <br></small><small>The opposing <span class="battle-nickname-foe" title="Clefable">Clefable</span> lost 61% of its health!</small><br></div><div class="battle-history"><small><span class="battle-nickname" title="Bisharp">Bisharp</span> knocked off the opposing <span class="battle-nickname-foe" title="Clefable">Clefable</span>'s Leftovers!</small></div><h2 class="battle-history">Turn 38</h2><div class="spacer battle-history"></div><div class="battle-history"><span class="battle-nickname" title="Bisharp">Bisharp</span> used <strong>Iron Head</strong>!</div><div class="battle-history"><small>It's super effective! <br></small><small>The opposing <span class="battle-nickname-foe" title="Clefable">Clefable</span> lost 39% of its health!</small><br></div><div class="spacer battle-history"></div><div class="battle-history">The opposing <span class="battle-nickname-foe" title="Clefable">Clefable</span> fainted!</div><div class="spacer battle-history"></div><div class="battle-history">Tue Minh &gt; all sent out Zygarde!</div><div class="battle-history"><small>[Opposing <span class="battle-nickname-foe" title="Zygarde">Zygarde</span>'s Aura Break!]</small></div><div class="battle-history"><small>The opposing <span class="battle-nickname-foe" title="Zygarde">Zygarde</span> reversed all other Pokémon's auras!</small></div><h2 class="battle-history">Turn 39</h2><div class="spacer battle-history"></div><div class="battle-history">The opposing <span class="battle-nickname-foe" title="Zygarde">Zygarde</span> used <strong>Extreme Speed</strong>!</div><div class="battle-history"><small>It's not very effective... <br>A critical hit! <br></small><small><span class="battle-nickname" title="Bisharp">Bisharp</span> lost <abbr title="−105/271">38.7%</abbr> of its health!</small><br></div><div class="spacer battle-history"></div><div class="battle-history"><span class="battle-nickname" title="Bisharp">Bisharp</span> used <strong>Sucker Punch</strong>!</div><div class="battle-history"><small>But it failed!</small></div><h2 class="battle-history">Turn 40</h2><div class="spacer battle-history"></div><div class="battle-history">The opposing <span class="battle-nickname-foe" title="Zygarde">Zygarde</span> used <strong>Extreme Speed</strong>!</div><div class="battle-history"><small>It's not very effective... <br></small><small><span class="battle-nickname" title="Bisharp">Bisharp</span> lost <abbr title="−6/271">2.2%</abbr> of its health!</small><br></div><div class="spacer battle-history"></div><div class="battle-history"><span class="battle-nickname" title="Bisharp">Bisharp</span> fainted!</div><div class="chat message-error">ajaymt has 135 seconds left.</div><div class="spacer battle-history"></div><div class="battle-history">Go! Heatran!</div><h2 class="battle-history">Turn 41</h2><div class="spacer battle-history"></div><div class="battle-history">Tue Minh &gt; all withdrew Zygarde!</div><div class="battle-history">Tue Minh &gt; all sent out Alakazam-Mega!</div><div class="battle-history"><small>[Opposing <span class="battle-nickname-foe" title="Alakazam-Mega">Alakazam</span>'s Trace!]</small></div><div class="battle-history"><small>The opposing <span class="battle-nickname-foe" title="Alakazam-Mega">Alakazam</span> traced <span class="battle-nickname" title="Heatran">Heatran</span>'s Flash Fire!</small></div><div class="spacer battle-history"></div><div class="battle-history"><span class="battle-nickname" title="Heatran">Heatran</span> used <strong>Stealth Rock</strong>!</div><div class="battle-history"><small>Pointed stones float in the air around the opposing team!</small></div><h2 class="battle-history">Turn 42</h2><div class="spacer battle-history"></div><div class="battle-history">The opposing <span class="battle-nickname-foe" title="Alakazam-Mega">Alakazam</span> used <strong>Recover</strong>!</div><div class="battle-history"><small>The opposing <span class="battle-nickname-foe" title="Alakazam-Mega">Alakazam</span> restored its HP.</small></div><div class="spacer battle-history"></div><div class="battle-history"><span class="battle-nickname" title="Heatran">Heatran</span> used <strong>Taunt</strong>!</div><div class="battle-history"><small>The opposing <span class="battle-nickname-foe" title="Alakazam-Mega">Alakazam</span> fell for the taunt!</small></div><h2 class="battle-history">Turn 43</h2><div class="spacer battle-history"></div><div class="battle-history">The opposing <span class="battle-nickname-foe" title="Alakazam-Mega">Alakazam</span> used <strong>Focus Blast</strong>!</div><div class="battle-history"><small>It's super effective! <br></small><small><span class="battle-nickname" title="Heatran">Heatran</span> lost <abbr title="−223/386">57.8%</abbr> of its health!</small><br></div><div class="spacer battle-history"></div><div class="battle-history"><span class="battle-nickname" title="Heatran">Heatran</span> fainted!</div><div class="spacer battle-history"></div><div class="battle-history">Go! <span class="battle-nickname" title="Landorus-Therian">Landorus <small>(Landorus-Therian)</small></span>!</div><div class="battle-history"><small>[<span class="battle-nickname" title="Landorus-Therian">Landorus</span>'s Intimidate!]</small></div><div class="battle-history"><small>The opposing <span class="battle-nickname-foe" title="Alakazam-Mega">Alakazam</span>'s Attack fell! </small></div><h2 class="battle-history">Turn 44</h2><div class="spacer battle-history"></div><div class="battle-history">Tue Minh &gt; all withdrew Alakazam-Mega!</div><div class="battle-history">Tue Minh &gt; all sent out Landorus-Therian!</div><div class="battle-history"><small>Pointed stones dug into the opposing <span class="battle-nickname-foe" title="Landorus-Therian">Landorus</span>! </small></div><div class="battle-history"><small>[Opposing <span class="battle-nickname-foe" title="Landorus-Therian">Landorus</span>'s Intimidate!]</small></div><div class="battle-history"><small><span class="battle-nickname" title="Landorus-Therian">Landorus</span>'s Attack fell! </small></div><div class="spacer battle-history"></div><div class="battle-history"><span class="battle-nickname" title="Landorus-Therian">Landorus</span> used <strong>U-turn</strong>!</div><div class="battle-history"><small>It's not very effective... <br></small><small>The opposing <span class="battle-nickname-foe" title="Landorus-Therian">Landorus</span> lost 10% of its health!</small><br></div><div class="spacer battle-history"></div><div class="battle-history"><span class="battle-nickname" title="Landorus-Therian">Landorus</span> went back to ajaymt!</div><div class="battle-history">Go! Clefable!</div><h2 class="battle-history">Turn 45</h2><div class="spacer battle-history"></div><div class="battle-history">The opposing <span class="battle-nickname-foe" title="Landorus-Therian">Landorus</span> used <strong>U-turn</strong>!</div><div class="battle-history"><small>It's not very effective... <br></small><small><span class="battle-nickname" title="Clefable">Clefable</span> lost <abbr title="−39/393">9.9%</abbr> of its health!</small><br></div><div class="spacer battle-history"></div><div class="battle-history">The opposing <span class="battle-nickname-foe" title="Landorus-Therian">Landorus</span> went back to Tue Minh &gt; all!</div><div class="battle-history">Tue Minh &gt; all sent out Alakazam-Mega!</div><div class="battle-history"><small>Pointed stones dug into the opposing <span class="battle-nickname-foe" title="Alakazam-Mega">Alakazam</span>! </small></div><div class="battle-history"><small>[Opposing <span class="battle-nickname-foe" title="Alakazam-Mega">Alakazam</span>'s Trace!]</small></div><div class="battle-history"><small>The opposing <span class="battle-nickname-foe" title="Alakazam-Mega">Alakazam</span> traced <span class="battle-nickname" title="Clefable">Clefable</span>'s Magic Guard!</small></div><div class="spacer battle-history"></div><div class="battle-history"><span class="battle-nickname" title="Clefable">Clefable</span> used <strong>Soft-Boiled</strong>!</div><div class="battle-history"><small><span class="battle-nickname" title="Clefable">Clefable</span> restored its HP.</small></div><h2 class="battle-history">Turn 46</h2><div class="spacer battle-history"></div><div class="battle-history"><span class="battle-nickname" title="Clefable">Clefable</span>, come back!</div><div class="battle-history">Go! <span class="battle-nickname" title="Gastrodon-East">Gastrodon <small>(Gastrodon-East)</small></span>!</div><div class="spacer battle-history"></div><div class="battle-history">The opposing <span class="battle-nickname-foe" title="Alakazam-Mega">Alakazam</span> used <strong>Psychic</strong>!</div><div class="battle-history"><small><span class="battle-nickname" title="Gastrodon-East">Gastrodon</span> lost <abbr title="−192/425">45.2%</abbr> of its health!</small><br></div><div class="spacer battle-history"></div><div class="battle-history"><small><span class="battle-nickname" title="Gastrodon-East">Gastrodon</span> restored a little HP using its Leftovers!</small></div><h2 class="battle-history">Turn 47</h2><div class="spacer battle-history"></div><div class="battle-history">The opposing <span class="battle-nickname-foe" title="Alakazam-Mega">Alakazam</span> used <strong>Psychic</strong>!</div><div class="battle-history"><small><span class="battle-nickname" title="Gastrodon-East">Gastrodon</span> lost <abbr title="−171/425">40.2%</abbr> of its health!</small><br></div><div class="spacer battle-history"></div><div class="battle-history"><span class="battle-nickname" title="Gastrodon-East">Gastrodon</span> used <strong>Earthquake</strong>!</div><div class="battle-history"><small>The opposing <span class="battle-nickname-foe" title="Alakazam-Mega">Alakazam</span> lost 57% of its health!</small><br></div><div class="spacer battle-history"></div><div class="battle-history"><small><span class="battle-nickname" title="Gastrodon-East">Gastrodon</span> restored a little HP using its Leftovers!</small></div><h2 class="battle-history">Turn 48</h2><div class="spacer battle-history"></div><div class="battle-history">The opposing <span class="battle-nickname-foe" title="Alakazam-Mega">Alakazam</span> used <strong>Psychic</strong>!</div><div class="battle-history"><small><span class="battle-nickname" title="Gastrodon-East">Gastrodon</span> lost <abbr title="−48/425">11.3%</abbr> of its health!</small><br></div><div class="spacer battle-history"></div><div class="battle-history"><span class="battle-nickname" title="Gastrodon-East">Gastrodon</span> fainted!</div><div class="spacer battle-history"></div><div class="battle-history">Go! <span class="battle-nickname" title="Landorus-Therian">Landorus <small>(Landorus-Therian)</small></span>!</div><div class="battle-history"><small>[<span class="battle-nickname" title="Landorus-Therian">Landorus</span>'s Intimidate!]</small></div><div class="battle-history"><small>The opposing <span class="battle-nickname-foe" title="Alakazam-Mega">Alakazam</span>'s Attack fell! </small></div><h2 class="battle-history">Turn 49</h2><div class="spacer battle-history"></div><div class="battle-history">Tue Minh &gt; all withdrew Alakazam-Mega!</div><div class="battle-history">Tue Minh &gt; all sent out Landorus-Therian!</div><div class="battle-history"><small>Pointed stones dug into the opposing <span class="battle-nickname-foe" title="Landorus-Therian">Landorus</span>! </small></div><div class="battle-history"><small>[Opposing <span class="battle-nickname-foe" title="Landorus-Therian">Landorus</span>'s Intimidate!]</small></div><div class="battle-history"><small><span class="battle-nickname" title="Landorus-Therian">Landorus</span>'s Attack fell! </small></div><div class="spacer battle-history"></div><div class="battle-history"><span class="battle-nickname" title="Landorus-Therian">Landorus</span> used <strong>U-turn</strong>!</div><div class="battle-history"><small>It's not very effective... <br></small><small>The opposing <span class="battle-nickname-foe" title="Landorus-Therian">Landorus</span> lost 10% of its health!</small><br></div><div class="spacer battle-history"></div><div class="battle-history"><span class="battle-nickname" title="Landorus-Therian">Landorus</span> went back to ajaymt!</div><div class="battle-history">Go! Clefable!</div><h2 class="battle-history">Turn 50</h2><div class="chat message-error">Tue Minh &gt; all has 135 seconds left.</div><div class="spacer battle-history"></div><div class="battle-history"><span class="battle-nickname" title="Clefable">Clefable</span>, come back!</div><div class="battle-history">Go! <span class="battle-nickname" title="Landorus-Therian">Landorus <small>(Landorus-Therian)</small></span>!</div><div class="battle-history"><small>[<span class="battle-nickname" title="Landorus-Therian">Landorus</span>'s Intimidate!]</small></div><div class="battle-history"><small>The opposing <span class="battle-nickname-foe" title="Landorus-Therian">Landorus</span>'s Attack fell! </small></div><div class="spacer battle-history"></div><div class="battle-history">The opposing <span class="battle-nickname-foe" title="Landorus-Therian">Landorus</span> used <strong>Defog</strong>!</div><div class="battle-history"><small><span class="battle-nickname" title="Landorus-Therian">Landorus</span>'s evasiveness fell! </small></div><div class="battle-history"><small>The pointed stones disappeared from around the opposing team!</small></div><h2 class="battle-history">Turn 51</h2><div class="spacer battle-history"></div><div class="battle-history">The opposing <span class="battle-nickname-foe" title="Landorus-Therian">Landorus</span> used <strong>Defog</strong>!</div><div class="battle-history"><small><span class="battle-nickname" title="Landorus-Therian">Landorus</span>'s evasiveness fell! </small></div><div class="spacer battle-history"></div><div class="battle-history"><span class="battle-nickname" title="Landorus-Therian">Landorus</span> used <strong>U-turn</strong>!</div><div class="battle-history"><small>It's not very effective... <br></small><small>The opposing <span class="battle-nickname-foe" title="Landorus-Therian">Landorus</span> lost 9% of its health!</small><br></div><div class="spacer battle-history"></div><div class="battle-history">The opposing <span class="battle-nickname-foe" title="Landorus-Therian">Landorus</span> fainted!</div><div class="spacer battle-history"></div><div class="battle-history"><span class="battle-nickname" title="Landorus-Therian">Landorus</span> went back to ajaymt!</div><div class="battle-history">Go! Clefable!</div><div class="spacer battle-history"></div><div class="battle-history">Tue Minh &gt; all sent out Alakazam-Mega!</div><div class="battle-history"><small>[Opposing <span class="battle-nickname-foe" title="Alakazam-Mega">Alakazam</span>'s Trace!]</small></div><div class="battle-history"><small>The opposing <span class="battle-nickname-foe" title="Alakazam-Mega">Alakazam</span> traced <span class="battle-nickname" title="Clefable">Clefable</span>'s Magic Guard!</small></div><h2 class="battle-history">Turn 52</h2><div class="spacer battle-history"></div><div class="battle-history">The opposing <span class="battle-nickname-foe" title="Alakazam-Mega">Alakazam</span> used <strong>Recover</strong>!</div><div class="battle-history"><small>The opposing <span class="battle-nickname-foe" title="Alakazam-Mega">Alakazam</span> restored its HP.</small></div><div class="spacer battle-history"></div><div class="battle-history"><span class="battle-nickname" title="Clefable">Clefable</span> used <strong>Calm Mind</strong>!</div><div class="battle-history"><small><span class="battle-nickname" title="Clefable">Clefable</span>'s Special Attack rose! <br><span class="battle-nickname" title="Clefable">Clefable</span>'s Special Defense rose! </small></div><h2 class="battle-history">Turn 53</h2><div class="spacer battle-history"></div><div class="battle-history">The opposing <span class="battle-nickname-foe" title="Alakazam-Mega">Alakazam</span> used <strong>Psychic</strong>!</div><div class="battle-history"><small><span class="battle-nickname" title="Clefable">Clefable</span> lost <abbr title="−150/393">38.2%</abbr> of its health!</small><br></div><div class="spacer battle-history"></div><div class="battle-history"><span class="battle-nickname" title="Clefable">Clefable</span> used <strong>Calm Mind</strong>!</div><div class="battle-history"><small><span class="battle-nickname" title="Clefable">Clefable</span>'s Special Attack rose! <br><span class="battle-nickname" title="Clefable">Clefable</span>'s Special Defense rose! </small></div><h2 class="battle-history">Turn 54</h2><div class="spacer battle-history"></div><div class="battle-history">Tue Minh &gt; all withdrew Alakazam-Mega!</div><div class="battle-history">Tue Minh &gt; all sent out Zygarde!</div><div class="battle-history"><small>[Opposing <span class="battle-nickname-foe" title="Zygarde">Zygarde</span>'s Aura Break!]</small></div><div class="battle-history"><small>The opposing <span class="battle-nickname-foe" title="Zygarde">Zygarde</span> reversed all other Pokémon's auras!</small></div><div class="spacer battle-history"></div><div class="battle-history"><span class="battle-nickname" title="Clefable">Clefable</span> used <strong>Soft-Boiled</strong>!</div><div class="battle-history"><small><span class="battle-nickname" title="Clefable">Clefable</span> restored its HP.</small></div><h2 class="battle-history">Turn 55</h2><div class="spacer battle-history"></div><div class="battle-history">The opposing <span class="battle-nickname-foe" title="Zygarde">Zygarde</span> used <strong>Iron Tail</strong>!</div><div class="battle-history"><small>It's super effective! <br></small><small><span class="battle-nickname" title="Clefable">Clefable</span> lost <abbr title="−288/393">73.3%</abbr> of its health!</small><br></div><div class="spacer battle-history"></div><div class="battle-history"><span class="battle-nickname" title="Clefable">Clefable</span> used <strong>Moonblast</strong>!</div><div class="battle-history"><small>It's super effective! <br></small><small>The opposing <span class="battle-nickname-foe" title="Zygarde">Zygarde</span> lost 60% of its health!</small><br></div><div class="spacer battle-history"></div><div class="battle-history">The opposing <span class="battle-nickname-foe" title="Zygarde">Zygarde</span> fainted!</div><div class="spacer battle-history"></div><div class="battle-history">Tue Minh &gt; all sent out Alakazam-Mega!</div><div class="battle-history"><small>[Opposing <span class="battle-nickname-foe" title="Alakazam-Mega">Alakazam</span>'s Trace!]</small></div><div class="battle-history"><small>The opposing <span class="battle-nickname-foe" title="Alakazam-Mega">Alakazam</span> traced <span class="battle-nickname" title="Clefable">Clefable</span>'s Magic Guard!</small></div><h2 class="battle-history">Turn 56</h2><div class="spacer battle-history"></div><div class="battle-history">The opposing <span class="battle-nickname-foe" title="Alakazam-Mega">Alakazam</span> used <strong>Psychic</strong>!</div><div class="battle-history"><small><span class="battle-nickname" title="Clefable">Clefable</span> lost <abbr title="−105/393">26.7%</abbr> of its health!</small><br></div><div class="spacer battle-history"></div><div class="battle-history"><span class="battle-nickname" title="Clefable">Clefable</span> fainted!</div><div class="spacer battle-history"></div><div class="battle-history">Go! <span class="battle-nickname" title="Landorus-Therian">Landorus <small>(Landorus-Therian)</small></span>!</div><div class="battle-history"><small>[<span class="battle-nickname" title="Landorus-Therian">Landorus</span>'s Intimidate!]</small></div><div class="battle-history"><small>The opposing <span class="battle-nickname-foe" title="Alakazam-Mega">Alakazam</span>'s Attack fell! </small></div><h2 class="battle-history">Turn 57</h2><div class="spacer battle-history"></div><div class="battle-history"><span class="battle-nickname" title="Landorus-Therian">Landorus</span> used <strong>Earthquake</strong>!</div><div class="battle-history"><small>The opposing <span class="battle-nickname-foe" title="Alakazam-Mega">Alakazam</span> lost 81% of its health!</small><br></div><div class="spacer battle-history"></div><div class="battle-history">The opposing <span class="battle-nickname-foe" title="Alakazam-Mega">Alakazam</span> fainted!</div><div class="spacer battle-history"></div><div class="battle-history">ajaymt won the battle!</div><div class="chat chatmessage-ajaymt mine"><strong style="color:hsl(189,67%,43%);"><small>☆</small><span class="username" data-name="ajaymt">ajaymt</span>:</strong> <em>gg</em></div><div class="chat">Ladder updating...</div><div class="chat chatmessage-tueminhall"><strong style="color:hsl(203,79%,47%);"><small>☆</small><span class="username" data-name="Tue Minh > all">Tue Minh &gt; all</span>:</strong> <em>gg</em></div></div></div>
</div>
<script>
let daily = Math.floor(Date.now()/1000/60/60/24);document.write('<script src="https://play.pokemonshowdown.com/js/replay-embed.js?version'+daily+'"></'+'script>');
</script>
