<!DOCTYPE html>
<meta charset="utf-8" />
<!-- version 1 -->
<title>[Gen 7] OU replay: martin_alvch vs. ass grabbin</title>
<style>
html,body {font-family:Verdana, sans-serif;font-size:10pt;margin:0;padding:0;}body{padding:12px 0;} .battle-log {font-family:Verdana, sans-serif;font-size:10pt;} .battle-log-inline {border:1px solid #AAAAAA;background:#EEF2F5;color:black;max-width:640px;margin:0 auto 80px;padding-bottom:5px;} .battle-log .inner {padding:4px 8px 0px 8px;} .battle-log .inner-preempt {padding:0 8px 4px 8px;} .battle-log .inner-after {margin-top:0.5em;} .battle-log h2 {margin:0.5em -8px;padding:4px 8px;border:1px solid #AAAAAA;background:#E0E7EA;border-left:0;border-right:0;font-family:Verdana, sans-serif;font-size:13pt;} .battle-log .chat {vertical-align:middle;padding:3px 0 3px 0;font-size:8pt;} .battle-log .chat strong {color:#40576A;} .battle-log .chat em {padding:1px 4px 1px 3px;color:#000000;font-style:normal;} .chat.mine {background:rgba(0,0,0,0.05);margin-left:-8px;margin-right:-8px;padding-left:8px;padding-right:8px;} .spoiler {color:#BBBBBB;background:#BBBBBB;padding:0px 3px;} .spoiler:hover, .spoiler:active, .spoiler-shown {color:#000000;background:#E2E2E2;padding:0px 3px;} .spoiler a {color:#BBBBBB;} .spoiler:hover a, .spoiler:active a, .spoiler-shown a {color:#2288CC;} .chat code, .chat .spoiler:hover code, .chat .spoiler:active code, .chat .spoiler-shown code {border:1px solid #C0C0C0;background:#EEEEEE;color:black;padding:0 2px;} .chat .spoiler code {border:1px solid #CCCCCC;background:#CCCCCC;color:#CCCCCC;} .battle-log .rated {padding:3px 4px;} .battle-log .rated strong {color:white;background:#89A;padding:1px 4px;border-radius:4px;} .spacer {margin-top:0.5em;} .message-announce {background:#6688AA;color:white;padding:1px 4px 2px;} .message-announce a, .broadcast-green a, .broadcast-blue a, .broadcast-red a {color:#DDEEFF;} .broadcast-green {background-color:#559955;color:white;padding:2px 4px;} .broadcast-blue {background-color:#6688AA;color:white;padding:2px 4px;} .infobox {border:1px solid #6688AA;padding:2px 4px;} .infobox-limited {max-height:200px;overflow:auto;overflow-x:hidden;} .broadcast-red {background-color:#AA5544;color:white;padding:2px 4px;} .message-learn-canlearn {font-weight:bold;color:#228822;text-decoration:underline;} .message-learn-cannotlearn {font-weight:bold;color:#CC2222;text-decoration:underline;} .message-effect-weak {font-weight:bold;color:#CC2222;} .message-effect-resist {font-weight:bold;color:#6688AA;} .message-effect-immune {font-weight:bold;color:#666666;} .message-learn-list {margin-top:0;margin-bottom:0;} .message-throttle-notice, .message-error {color:#992222;} .message-overflow, .chat small.message-overflow {font-size:0pt;} .message-overflow::before {font-size:9pt;content:'...';} .subtle {color:#3A4A66;}
</style>
<div class="wrapper replay-wrapper" style="max-width:1180px;margin:0 auto">
<input type="hidden" name="replayid" value="gen7ou-733491277" />
<div class="battle"></div><div class="battle-log"></div><div class="replay-controls"></div><div class="replay-controls-2"></div>
<h1 style="font-weight:normal;text-align:center"><strong>[Gen 7] OU</strong><br /><a href="http://pokemonshowdown.com/users/martinalvch" class="subtle" target="_blank">martin_alvch</a> vs. <a href="http://pokemonshowdown.com/users/assgrabbin" class="subtle" target="_blank">ass grabbin</a></h1>
<script type="text/plain" class="battle-log-data">|j|☆martin_alvch
|j|☆ass grabbin


|player|p1|martin_alvch|144



|player|p2|ass grabbin|70
|teamsize|p1|6
|teamsize|p2|6
|gametype|singles
|gen|7
|tier|[Gen 7] OU
|rated|
|seed|
|rule|Sleep Clause Mod: Limit one foe put to sleep
|rule|Species Clause: Limit one of each Pokémon
|rule|OHKO Clause: OHKO moves are banned
|rule|Moody Clause: Moody is banned
|rule|Evasion Moves Clause: Evasion moves are banned
|rule|Endless Battle Clause: Forcing endless battles is banned
|rule|HP Percentage Mod: HP is shown in percentages
|clearpoke
|poke|p1|Kingdra, F|item
|poke|p1|Leavanny, F|item
|poke|p1|Pelipper, F|item
|poke|p1|Swampert, M|item
|poke|p1|Jirachi|item
|poke|p1|Cobalion|item
|poke|p2|Greninja, M|item
|poke|p2|Landorus-Therian, M|item
|poke|p2|Heatran, M|item
|poke|p2|Scizor, F|item
|poke|p2|Serperior, F|item
|poke|p2|Zapdos|item
|teampreview


|raw|<div class="ladder"><table><tr><td colspan="8">User: <strong>assgrabbin<\/strong><\/td><\/tr><tr><th>Format<\/th><th><abbr title="Elo rating">Elo<\/abbr><\/th><th><abbr title="user's percentage chance of winning a random battle (aka GLIXARE)">GXE<\/abbr><\/th><th><abbr title="Glicko-1 rating: rating±deviation">Glicko-1<\/abbr><\/th><th>W<\/th><th>L<\/th><th>Total<\/th><\/tr><tr><td>[Gen 5] OU<\/td><td><strong>1105<\/strong><\/td><td>&ndash;<\/td><td><span><em>1591<small> &#177; 111<\/small><\/em> <small>(provisional)<\/small><\/span><\/td><td>3<\/td><td>0<\/td><td>3<\/td><\/tr><tr><td>[Gen 6] OU<\/td><td><strong>1213<\/strong><\/td><td>59<small>.0%<\/small><\/td><td><em>1569<small> &#177; 57<\/small><\/em><\/td><td>31<\/td><td>27<\/td><td>58<\/td><\/tr><tr><td>[Gen 7] Battle Factory<\/td><td><strong>1173<\/strong><\/td><td>67<small>.0%<\/small><\/td><td><em>1637<small> &#177; 84<\/small><\/em><\/td><td>9<\/td><td>3<\/td><td>12<\/td><\/tr><tr><td>[Gen 7] OU<\/td><td><strong>1604<\/strong><\/td><td>73<small>.9%<\/small><\/td><td><em>1696<small> &#177; 25<\/small><\/em><\/td><td>321<\/td><td>275<\/td><td>597<\/td><\/tr><tr><td>[Gen 7] Random Battle<\/td><td><strong>1038<\/strong><\/td><td>&ndash;<\/td><td><span><em>1497<small> &#177; 107<\/small><\/em> <small>(provisional)<\/small><\/span><\/td><td>2<\/td><td>2<\/td><td>4<\/td><\/tr><tr><td>[Gen 7] RU<\/td><td><strong>1173<\/strong><\/td><td>62<small>.6%<\/small><\/td><td><em>1599<small> &#177; 77<\/small><\/em><\/td><td>17<\/td><td>9<\/td><td>26<\/td><\/tr><tr><td>gen7rususpecttest<\/td><td><strong>1097<\/strong><\/td><td>47<small>.5%<\/small><\/td><td><em>1480<small> &#177; 95<\/small><\/em><\/td><td>3<\/td><td>4<\/td><td>7<\/td><\/tr><tr><td>[Gen 7] Ubers<\/td><td><strong>1400<\/strong><\/td><td>76<small>.4%<\/small><\/td><td><em>1725<small> &#177; 65<\/small><\/em><\/td><td>23<\/td><td>6<\/td><td>29<\/td><\/tr><tr><td>[Gen 7] UU<\/td><td><strong>1424<\/strong><\/td><td>65<small>.8%<\/small><\/td><td><em>1624<small> &#177; 46<\/small><\/em><\/td><td>108<\/td><td>89<\/td><td>197<\/td><\/tr><tr><td>gen7uususpecttest<\/td><td><strong>1107<\/strong><\/td><td>&ndash;<\/td><td><span><em>1586<small> &#177; 102<\/small><\/em> <small>(provisional)<\/small><\/span><\/td><td>4<\/td><td>1<\/td><td>5<\/td><\/tr><tr><td>[Gen 7] VGC 2018<\/td><td><strong>1152<\/strong><\/td><td>44<small>.7%<\/small><\/td><td><em>1459<small> &#177; 60<\/small><\/em><\/td><td>17<\/td><td>17<\/td><td>34<\/td><\/tr><tr><td colspan="8" style="text-align:right"><a href="\/\/pokemonshowdown.com\/users\/assgrabbin">Reset W\/L<\/a><\/tr><\/td><\/table><\/div>


|
|start
|switch|p1a: Pelipper|Pelipper, F|100\/100
|switch|p2a: Zapdos|Zapdos|383\/383
|-weather|RainDance|[from] ability: Drizzle|[of] p1a: Pelipper
|turn|1



|
|switch|p2a: Serperior|Serperior, F|291\/291
|switch|p1a: Swampert|Swampert, M|100\/100
|
|-weather|RainDance|[upkeep]
|upkeep
|turn|2



|
|switch|p1a: Cobalion|Cobalion|100\/100
|move|p2a: Serperior|Leaf Storm|p1a: Cobalion
|-resisted|p1a: Cobalion
|-damage|p1a: Cobalion|69\/100
|-boost|p2a: Serperior|spa|2
|
|-weather|RainDance|[upkeep]
|upkeep
|turn|3



|
|move|p2a: Serperior|Leaf Storm|p1a: Cobalion
|-resisted|p1a: Cobalion
|-damage|p1a: Cobalion|8\/100
|-boost|p2a: Serperior|spa|2
|-zpower|p1a: Cobalion
|move|p1a: Cobalion|All-Out Pummeling|p2a: Serperior|[zeffect]
|-damage|p2a: Serperior|5\/291
|
|-weather|RainDance|[upkeep]
|upkeep
|turn|4



|
|move|p2a: Serperior|Leaf Storm|p1a: Cobalion
|-resisted|p1a: Cobalion
|-damage|p1a: Cobalion|0 fnt
|-boost|p2a: Serperior|spa|2
|faint|p1a: Cobalion
|
|-weather|RainDance|[upkeep]
|upkeep



|
|switch|p1a: Swampert|Swampert, M|100\/100
|turn|5



|
|-mega|p1a: Swampert|Swampert|Swampertite
|detailschange|p1a: Swampert|Swampert-Mega, M
|move|p2a: Serperior|Leaf Storm|p1a: Swampert
|-supereffective|p1a: Swampert
|-damage|p1a: Swampert|0 fnt
|faint|p1a: Swampert
|
|-weather|RainDance|[upkeep]
|upkeep



|
|switch|p1a: Leavanny|Leavanny, F|100\/100
|turn|6



|
|switch|p2a: Landorus|Landorus-Therian, M|382\/382
|-ability|p2a: Landorus|Intimidate|boost
|-unboost|p1a: Leavanny|atk|1
|move|p1a: Leavanny|Knock Off|p2a: Landorus
|-damage|p2a: Landorus|327\/382
|-enditem|p2a: Landorus|Leftovers|[from] move: Knock Off|[of] p1a: Leavanny
|
|-weather|RainDance|[upkeep]
|upkeep
|turn|7



|
|move|p1a: Leavanny|Swords Dance|p1a: Leavanny
|-boost|p1a: Leavanny|atk|2
|move|p2a: Landorus|Stealth Rock|p1a: Leavanny
|-sidestart|p1: martin_alvch|move: Stealth Rock
|
|-weather|RainDance|[upkeep]
|upkeep
|turn|8



|
|move|p1a: Leavanny|Leaf Blade|p2a: Landorus
|-crit|p2a: Landorus
|-damage|p2a: Landorus|107\/382
|move|p2a: Landorus|Toxic|p1a: Leavanny
|-status|p1a: Leavanny|tox
|
|-weather|none
|-damage|p1a: Leavanny|94\/100 tox|[from] psn
|upkeep
|turn|9


|inactive|Time left: 150 sec this turn | 220 sec total


|inactive|Battle timer is ON: inactive players will automatically lose when time's up. (requested by ass grabbin)


|raw|<div class="message"><ul class="utilichart"><li class="result"><span class="col numcol">PU<\/span> <span class="col iconcol"><psicon pokemon="leavanny"\/><\/span> <span class="col pokemonnamecol" style="white-space:nowrap"><a href="https:\/\/pokemonshowdown.com\/dex\/pokemon\/leavanny" target="_blank">Leavanny<\/a><\/span> <span class="col typecol"><img src="https:\/\/play.pokemonshowdown.com\/sprites\/types\/Bug.png" alt="Bug" height="14" width="32"><img src="https:\/\/play.pokemonshowdown.com\/sprites\/types\/Grass.png" alt="Grass" height="14" width="32"><\/span> <span style="float:left;min-height:26px"><span class="col twoabilitycol">Swarm<br \/>Chlorophyll<\/span><span class="col abilitycol"><em>Overcoat<\/em><\/span><\/span><span style="float:left;min-height:26px"><span class="col statcol"><em>HP<\/em><br \/>75<\/span> <span class="col statcol"><em>Atk<\/em><br \/>103<\/span> <span class="col statcol"><em>Def<\/em><br \/>80<\/span> <span class="col statcol"><em>SpA<\/em><br \/>70<\/span> <span class="col statcol"><em>SpD<\/em><br \/>80<\/span> <span class="col statcol"><em>Spe<\/em><br \/>92<\/span> <span class="col bstcol"><em>BST<br \/>500<\/em><\/span> <\/span><\/li><li style="clear:both"><\/li><\/ul><\/div>
|raw|<font size="1"><font color="#686868">Dex#:<\/font> 542&nbsp;|&ThickSpace;<font color="#686868">Gen:<\/font> 5&nbsp;|&ThickSpace;<font color="#686868">Height:<\/font> 1.2 m&nbsp;|&ThickSpace;<font color="#686868">Weight:<\/font> 20.5 kg <em>(40 BP)<\/em>&nbsp;|&ThickSpace;<font color="#686868">Dex Colour:<\/font> Yellow&nbsp;|&ThickSpace;<font color="#686868">Egg Group(s):<\/font> Bug&nbsp;|&ThickSpace;<font color="#686868">Does Not Evolve<\/font><\/font>


|
|switch|p2a: Scizor|Scizor, F|343\/343
|move|p1a: Leavanny|Sticky Web|p2a: Scizor
|-sidestart|p2: ass grabbin|move: Sticky Web
|
|-damage|p1a: Leavanny|82\/100 tox|[from] psn
|upkeep
|turn|10


|inactive|Time left: 150 sec this turn | 225 sec total


|
|-mega|p2a: Scizor|Scizor|Scizorite
|detailschange|p2a: Scizor|Scizor-Mega, F
|move|p1a: Leavanny|Knock Off|p2a: Scizor
|-damage|p2a: Scizor|282\/343
|move|p2a: Scizor|Swords Dance|p2a: Scizor
|-boost|p2a: Scizor|atk|2
|
|-damage|p1a: Leavanny|64\/100 tox|[from] psn
|upkeep
|turn|11


|inactive|Time left: 150 sec this turn | 235 sec total


|
|switch|p1a: Jirachi|Jirachi|100\/100
|-damage|p1a: Jirachi|94\/100|[from] Stealth Rock
|move|p2a: Scizor|Swords Dance|p2a: Scizor
|-boost|p2a: Scizor|atk|2
|
|-heal|p1a: Jirachi|100\/100|[from] item: Leftovers
|upkeep
|turn|12


|inactive|Time left: 150 sec this turn | 245 sec total


|
|move|p1a: Jirachi|Fire Punch|p2a: Scizor
|-supereffective|p2a: Scizor
|-damage|p2a: Scizor|78\/343
|move|p2a: Scizor|Knock Off|p1a: Jirachi
|-supereffective|p1a: Jirachi
|-damage|p1a: Jirachi|0 fnt
|-enditem|p1a: Jirachi|Leftovers|[from] move: Knock Off|[of] p2a: Scizor
|faint|p1a: Jirachi
|
|upkeep


|inactive|Time left: 150 sec this turn | 255 sec total


|
|switch|p1a: Pelipper|Pelipper, F|100\/100
|-damage|p1a: Pelipper|76\/100|[from] Stealth Rock
|-weather|RainDance|[from] ability: Drizzle|[of] p1a: Pelipper
|turn|13


|inactive|Time left: 150 sec this turn | 265 sec total


|
|move|p2a: Scizor|Knock Off|p1a: Pelipper
|-damage|p1a: Pelipper|0 fnt
|-enditem|p1a: Pelipper|Damp Rock|[from] move: Knock Off|[of] p2a: Scizor
|faint|p1a: Pelipper
|
|-weather|RainDance|[upkeep]
|upkeep


|inactive|Time left: 150 sec this turn | 275 sec total


|
|switch|p1a: Kingdra|Kingdra, F|100\/100
|-damage|p1a: Kingdra|88\/100|[from] Stealth Rock
|turn|14


|inactive|Time left: 150 sec this turn | 285 sec total


|
|move|p2a: Scizor|Bullet Punch|p1a: Kingdra
|-resisted|p1a: Kingdra
|-damage|p1a: Kingdra|30\/100
|move|p1a: Kingdra|Focus Energy|p1a: Kingdra
|-start|p1a: Kingdra|move: Focus Energy
|
|-weather|RainDance|[upkeep]
|upkeep
|turn|15


|inactive|Time left: 150 sec this turn | 295 sec total


|
|move|p2a: Scizor|Bullet Punch|p1a: Kingdra
|-resisted|p1a: Kingdra
|-damage|p1a: Kingdra|0 fnt
|faint|p1a: Kingdra
|
|-weather|RainDance|[upkeep]
|upkeep


|inactive|Time left: 150 sec this turn | 300 sec total


|-message|martin_alvch forfeited.



|
|win|ass grabbin


|inactive|Time left: 150 sec this turn | 310 sec total

||Ladder updating...


|l|☆martin_alvch



|raw|martin_alvch's rating: 1654 &rarr; <strong>1631<\/strong><br \/>(-23 for losing)
|raw|ass grabbin's rating: 1604 &rarr; <strong>1627<\/strong><br \/>(+23 for winning)

</script>
</div>
<div class="battle-log battle-log-inline"><div class="inner"><div class="chat"><small>☆martin_alvch joined.</small></div><div class="chat"><small>☆ass grabbin joined.</small></div><div style="padding:5px 0"><small>Format:</small> <br><strong>[Gen 7] OU</strong></div><div class="rated"><strong>Rated battle</strong></div><div><small><em>Sleep Clause Mod:</em> Limit one foe put to sleep</small></div><div><small><em>Species Clause:</em> Limit one of each Pokémon</small></div><div><small><em>OHKO Clause:</em> OHKO moves are banned</small></div><div><small><em>Moody Clause:</em> Moody is banned</small></div><div><small><em>Evasion Moves Clause:</em> Evasion moves are banned</small></div><div><small><em>Endless Battle Clause:</em> Forcing endless battles is banned</small></div><div><small><em>HP Percentage Mod:</em> HP is shown in percentages</small></div><div class="chat"><strong>ass grabbin's team:</strong> <em style="color:#445566;display:block;">Greninja / Landorus-Therian / Heatran / Scizor / Serperior / Zapdos</em></div><div class="chat"><strong>martin_alvch's team:</strong> <em style="color:#445566;display:block;">Kingdra / Leavanny / Pelipper / Swampert / Jirachi / Cobalion</em></div><div class="chat"><div class="ladder"><table><tbody><tr><td colspan="8">User: <strong>assgrabbin</strong></td></tr><tr><th>Format</th><th><abbr title="Elo rating">Elo</abbr></th><th><abbr title="user's percentage chance of winning a random battle (aka GLIXARE)">GXE</abbr></th><th><abbr title="Glicko-1 rating: rating±deviation">Glicko-1</abbr></th><th>W</th><th>L</th><th>Total</th></tr><tr><td>[Gen 5] OU</td><td><strong>1105</strong></td><td>–</td><td><span><em>1591<small> ± 111</small></em> <small>(provisional)</small></span></td><td>3</td><td>0</td><td>3</td></tr><tr><td>[Gen 6] OU</td><td><strong>1213</strong></td><td>59<small>.0%</small></td><td><em>1569<small> ± 57</small></em></td><td>31</td><td>27</td><td>58</td></tr><tr><td>[Gen 7] Battle Factory</td><td><strong>1173</strong></td><td>67<small>.0%</small></td><td><em>1637<small> ± 84</small></em></td><td>9</td><td>3</td><td>12</td></tr><tr><td>[Gen 7] OU</td><td><strong>1604</strong></td><td>73<small>.9%</small></td><td><em>1696<small> ± 25</small></em></td><td>321</td><td>275</td><td>597</td></tr><tr><td>[Gen 7] Random Battle</td><td><strong>1038</strong></td><td>–</td><td><span><em>1497<small> ± 107</small></em> <small>(provisional)</small></span></td><td>2</td><td>2</td><td>4</td></tr><tr><td>[Gen 7] RU</td><td><strong>1173</strong></td><td>62<small>.6%</small></td><td><em>1599<small> ± 77</small></em></td><td>17</td><td>9</td><td>26</td></tr><tr><td>gen7rususpecttest</td><td><strong>1097</strong></td><td>47<small>.5%</small></td><td><em>1480<small> ± 95</small></em></td><td>3</td><td>4</td><td>7</td></tr><tr><td>[Gen 7] Ubers</td><td><strong>1400</strong></td><td>76<small>.4%</small></td><td><em>1725<small> ± 65</small></em></td><td>23</td><td>6</td><td>29</td></tr><tr><td>[Gen 7] UU</td><td><strong>1424</strong></td><td>65<small>.8%</small></td><td><em>1624<small> ± 46</small></em></td><td>108</td><td>89</td><td>197</td></tr><tr><td>gen7uususpecttest</td><td><strong>1107</strong></td><td>–</td><td><span><em>1586<small> ± 102</small></em> <small>(provisional)</small></span></td><td>4</td><td>1</td><td>5</td></tr><tr><td>[Gen 7] VGC 2018</td><td><strong>1152</strong></td><td>44<small>.7%</small></td><td><em>1459<small> ± 60</small></em></td><td>17</td><td>17</td><td>34</td></tr><tr><td colspan="8" style="text-align: right"><a href="//pokemonshowdown.com/users/assgrabbin" target="_blank" rel="noopener">Reset W/L</a></td></tr></tbody></table></div></div><div>Battle between martin_alvch and ass grabbin started!</div><div class="spacer battle-history"></div><div class="battle-history">martin_alvch sent out Pelipper!</div><div class="spacer battle-history"></div><div class="battle-history">Go! Zapdos!</div><div class="battle-history"><small>[Opposing <span class="battle-nickname-foe" title="Pelipper">Pelipper</span>'s Drizzle!]</small></div><div class="battle-history"><small>It started to rain!</small></div><h2 class="battle-history">Turn 1</h2><div class="spacer battle-history"></div><div class="battle-history"><span class="battle-nickname" title="Zapdos">Zapdos</span>, come back!</div><div class="battle-history">Go! Serperior!</div><div class="spacer battle-history"></div><div class="battle-history">martin_alvch withdrew Pelipper!</div><div class="battle-history">martin_alvch sent out Swampert!</div><h2 class="battle-history">Turn 2</h2><div class="spacer battle-history"></div><div class="battle-history">martin_alvch withdrew Swampert!</div><div class="battle-history">martin_alvch sent out Cobalion!</div><div class="spacer battle-history"></div><div class="battle-history"><span class="battle-nickname" title="Serperior">Serperior</span> used <strong>Leaf Storm</strong>!</div><div class="battle-history"><small>It's not very effective... <br></small><small>The opposing <span class="battle-nickname-foe" title="Cobalion">Cobalion</span> lost 31% of its health!</small><br></div><div class="battle-history"><small><span class="battle-nickname" title="Serperior">Serperior</span>'s Special Attack rose sharply! </small></div><h2 class="battle-history">Turn 3</h2><div class="spacer battle-history"></div><div class="battle-history"><span class="battle-nickname" title="Serperior">Serperior</span> used <strong>Leaf Storm</strong>!</div><div class="battle-history"><small>It's not very effective... <br></small><small>The opposing <span class="battle-nickname-foe" title="Cobalion">Cobalion</span> lost 61% of its health!</small><br></div><div class="battle-history"><small><span class="battle-nickname" title="Serperior">Serperior</span>'s Special Attack rose sharply! </small></div><div class="spacer battle-history"></div><div class="battle-history"><small>The opposing <span class="battle-nickname-foe" title="Cobalion">Cobalion</span> surrounded itself with its Z-Power! </small></div><div class="battle-history"><small>The opposing <span class="battle-nickname-foe" title="Cobalion">Cobalion</span> unleashes its full-force Z-Move!</small></div><div class="battle-history">The opposing <span class="battle-nickname-foe" title="Cobalion">Cobalion</span> used <strong>All-Out Pummeling</strong>!</div><div class="battle-history"><small><span class="battle-nickname" title="Serperior">Serperior</span> lost <abbr title="−286/291">98.3%</abbr> of its health!</small><br></div><h2 class="battle-history">Turn 4</h2><div class="spacer battle-history"></div><div class="battle-history"><span class="battle-nickname" title="Serperior">Serperior</span> used <strong>Leaf Storm</strong>!</div><div class="battle-history"><small>It's not very effective... <br></small><small>The opposing <span class="battle-nickname-foe" title="Cobalion">Cobalion</span> lost 8% of its health!</small><br></div><div class="battle-history"><small><span class="battle-nickname" title="Serperior">Serperior</span>'s Special Attack rose sharply! </small></div><div class="spacer battle-history"></div><div class="battle-history">The opposing <span class="battle-nickname-foe" title="Cobalion">Cobalion</span> fainted!</div><div class="spacer battle-history"></div><div class="battle-history">martin_alvch sent out Swampert!</div><h2 class="battle-history">Turn 5</h2><div class="spacer battle-history"></div><div class="battle-history"><small>The opposing <span class="battle-nickname-foe" title="Swampert">Swampert</span>'s Swampertite is reacting to the Key Stone!<br>The opposing <span class="battle-nickname-foe" title="Swampert">Swampert</span> has Mega Evolved into Mega Swampert!</small></div><div class="spacer battle-history"></div><div class="battle-history"><span class="battle-nickname" title="Serperior">Serperior</span> used <strong>Leaf Storm</strong>!</div><div class="battle-history"><small>It's super effective! <br></small><small>The opposing <span class="battle-nickname-foe" title="Swampert-Mega">Swampert</span> lost 100% of its health!</small><br></div><div class="spacer battle-history"></div><div class="battle-history">The opposing <span class="battle-nickname-foe" title="Swampert-Mega">Swampert</span> fainted!</div><div class="spacer battle-history"></div><div class="battle-history">martin_alvch sent out Leavanny!</div><h2 class="battle-history">Turn 6</h2><div class="spacer battle-history"></div><div class="battle-history"><span class="battle-nickname" title="Serperior">Serperior</span>, come back!</div><div class="battle-history">Go! <span class="battle-nickname" title="Landorus-Therian">Landorus <small>(Landorus-Therian)</small></span>!</div><div class="battle-history"><small>[<span class="battle-nickname" title="Landorus-Therian">Landorus</span>'s Intimidate!]</small></div><div class="battle-history"><small>The opposing <span class="battle-nickname-foe" title="Leavanny">Leavanny</span>'s Attack fell! </small></div><div class="spacer battle-history"></div><div class="battle-history">The opposing <span class="battle-nickname-foe" title="Leavanny">Leavanny</span> used <strong>Knock Off</strong>!</div><div class="battle-history"><small><span class="battle-nickname" title="Landorus-Therian">Landorus</span> lost <abbr title="−55/382">14.4%</abbr> of its health!</small><br></div><div class="battle-history"><small>The opposing <span class="battle-nickname-foe" title="Leavanny">Leavanny</span> knocked off <span class="battle-nickname" title="Landorus-Therian">Landorus</span>'s Leftovers!</small></div><h2 class="battle-history">Turn 7</h2><div class="spacer battle-history"></div><div class="battle-history">The opposing <span class="battle-nickname-foe" title="Leavanny">Leavanny</span> used <strong>Swords Dance</strong>!</div><div class="battle-history"><small>The opposing <span class="battle-nickname-foe" title="Leavanny">Leavanny</span>'s Attack rose sharply! </small></div><div class="spacer battle-history"></div><div class="battle-history"><span class="battle-nickname" title="Landorus-Therian">Landorus</span> used <strong>Stealth Rock</strong>!</div><div class="battle-history"><small>Pointed stones float in the air around the opposing team!</small></div><h2 class="battle-history">Turn 8</h2><div class="spacer battle-history"></div><div class="battle-history">The opposing <span class="battle-nickname-foe" title="Leavanny">Leavanny</span> used <strong>Leaf Blade</strong>!</div><div class="battle-history"><small>A critical hit! <br></small><small><span class="battle-nickname" title="Landorus-Therian">Landorus</span> lost <abbr title="−220/382">57.6%</abbr> of its health!</small><br></div><div class="spacer battle-history"></div><div class="battle-history"><span class="battle-nickname" title="Landorus-Therian">Landorus</span> used <strong>Toxic</strong>!</div><div class="battle-history"><small>The opposing <span class="battle-nickname-foe" title="Leavanny">Leavanny</span> was badly poisoned!</small></div><div class="spacer battle-history"></div><div class="battle-history"><small>The rain stopped.</small></div><div class="battle-history"><small>The opposing <span class="battle-nickname-foe" title="Leavanny">Leavanny</span> was hurt by poison! </small></div><h2 class="battle-history">Turn 9</h2><div class="chat message-error">Battle timer is ON: inactive players will automatically lose when time's up. (requested by ass grabbin)</div><div class="chat"><div class="message"><ul class="utilichart"><li class="result"><span class="col numcol">PU</span> <span class="col iconcol"><span class="picon" style="background: transparent url(&quot;//play.pokemonshowdown.com/sprites/smicons-sheet.png&quot;) no-repeat scroll -80px -1350px"></span></span> <span class="col pokemonnamecol" style="white-space: nowrap"><a href="https://pokemonshowdown.com/dex/pokemon/leavanny" target="_blank" rel="noopener">Leavanny</a></span> <span class="col typecol"><img src="https://play.pokemonshowdown.com/sprites/types/Bug.png" alt="Bug" height="14" width="32"><img src="https://play.pokemonshowdown.com/sprites/types/Grass.png" alt="Grass" height="14" width="32"></span> <span style="float: left ; min-height: 26px"><span class="col twoabilitycol">Swarm<br>Chlorophyll</span><span class="col abilitycol"><em>Overcoat</em></span></span><span style="float: left ; min-height: 26px"><span class="col statcol"><em>HP</em><br>75</span> <span class="col statcol"><em>Atk</em><br>103</span> <span class="col statcol"><em>Def</em><br>80</span> <span class="col statcol"><em>SpA</em><br>70</span> <span class="col statcol"><em>SpD</em><br>80</span> <span class="col statcol"><em>Spe</em><br>92</span> <span class="col bstcol"><em>BST<br>500</em></span> </span></li><li style="clear: both"></li></ul></div></div><div class="chat"><font size="1"><font color="#686868">Dex#:</font> 542&nbsp;|  <font color="#686868">Gen:</font> 5&nbsp;|  <font color="#686868">Height:</font> 1.2 m&nbsp;|  <font color="#686868">Weight:</font> 20.5 kg <em>(40 BP)</em>&nbsp;|  <font color="#686868">Dex Colour:</font> Yellow&nbsp;|  <font color="#686868">Egg Group(s):</font> Bug&nbsp;|  <font color="#686868">Does Not Evolve</font></font></div><div class="spacer battle-history"></div><div class="battle-history"><span class="battle-nickname" title="Landorus-Therian">Landorus</span>, come back!</div><div class="battle-history">Go! Scizor!</div><div class="spacer battle-history"></div><div class="battle-history">The opposing <span class="battle-nickname-foe" title="Leavanny">Leavanny</span> used <strong>Sticky Web</strong>!</div><div class="battle-history"><small>A sticky web spreads out on the ground around your team!</small></div><div class="spacer battle-history"></div><div class="battle-history"><small>The opposing <span class="battle-nickname-foe" title="Leavanny">Leavanny</span> was hurt by poison! </small></div><h2 class="battle-history">Turn 10</h2><div class="spacer battle-history"></div><div class="battle-history"><small><span class="battle-nickname" title="Scizor">Scizor</span>'s Scizorite is reacting to the Key Stone!<br><span class="battle-nickname" title="Scizor">Scizor</span> has Mega Evolved into Mega Scizor!</small></div><div class="spacer battle-history"></div><div class="battle-history">The opposing <span class="battle-nickname-foe" title="Leavanny">Leavanny</span> used <strong>Knock Off</strong>!</div><div class="battle-history"><small><span class="battle-nickname" title="Scizor-Mega">Scizor</span> lost <abbr title="−61/343">17.8%</abbr> of its health!</small><br></div><div class="spacer battle-history"></div><div class="battle-history"><span class="battle-nickname" title="Scizor-Mega">Scizor</span> used <strong>Swords Dance</strong>!</div><div class="battle-history"><small><span class="battle-nickname" title="Scizor-Mega">Scizor</span>'s Attack rose sharply! </small></div><div class="spacer battle-history"></div><div class="battle-history"><small>The opposing <span class="battle-nickname-foe" title="Leavanny">Leavanny</span> was hurt by poison! </small></div><h2 class="battle-history">Turn 11</h2><div class="spacer battle-history"></div><div class="battle-history">martin_alvch withdrew Leavanny!</div><div class="battle-history">martin_alvch sent out Jirachi!</div><div class="battle-history"><small>Pointed stones dug into the opposing <span class="battle-nickname-foe" title="Jirachi">Jirachi</span>! </small></div><div class="spacer battle-history"></div><div class="battle-history"><span class="battle-nickname" title="Scizor-Mega">Scizor</span> used <strong>Swords Dance</strong>!</div><div class="battle-history"><small><span class="battle-nickname" title="Scizor-Mega">Scizor</span>'s Attack rose sharply! </small></div><div class="spacer battle-history"></div><div class="battle-history"><small>The opposing <span class="battle-nickname-foe" title="Jirachi">Jirachi</span> restored a little HP using its Leftovers!</small></div><h2 class="battle-history">Turn 12</h2><div class="spacer battle-history"></div><div class="battle-history">The opposing <span class="battle-nickname-foe" title="Jirachi">Jirachi</span> used <strong>Fire Punch</strong>!</div><div class="battle-history"><small>It's super effective! <br></small><small><span class="battle-nickname" title="Scizor-Mega">Scizor</span> lost <abbr title="−204/343">59.5%</abbr> of its health!</small><br></div><div class="spacer battle-history"></div><div class="battle-history"><span class="battle-nickname" title="Scizor-Mega">Scizor</span> used <strong>Knock Off</strong>!</div><div class="battle-history"><small>It's super effective! <br></small><small>The opposing <span class="battle-nickname-foe" title="Jirachi">Jirachi</span> lost 100% of its health!</small><br></div><div class="battle-history"><small><span class="battle-nickname" title="Scizor-Mega">Scizor</span> knocked off the opposing <span class="battle-nickname-foe" title="Jirachi">Jirachi</span>'s Leftovers!</small></div><div class="spacer battle-history"></div><div class="battle-history">The opposing <span class="battle-nickname-foe" title="Jirachi">Jirachi</span> fainted!</div><div class="spacer battle-history"></div><div class="battle-history">martin_alvch sent out Pelipper!</div><div class="battle-history"><small>Pointed stones dug into the opposing <span class="battle-nickname-foe" title="Pelipper">Pelipper</span>! </small></div><div class="battle-history"><small>[Opposing <span class="battle-nickname-foe" title="Pelipper">Pelipper</span>'s Drizzle!]</small></div><div class="battle-history"><small>It started to rain!</small></div><h2 class="battle-history">Turn 13</h2><div class="spacer battle-history"></div><div class="battle-history"><span class="battle-nickname" title="Scizor-Mega">Scizor</span> used <strong>Knock Off</strong>!</div><div class="battle-history"><small>The opposing <span class="battle-nickname-foe" title="Pelipper">Pelipper</span> lost 76% of its health!</small><br></div><div class="battle-history"><small><span class="battle-nickname" title="Scizor-Mega">Scizor</span> knocked off the opposing <span class="battle-nickname-foe" title="Pelipper">Pelipper</span>'s Damp Rock!</small></div><div class="spacer battle-history"></div><div class="battle-history">The opposing <span class="battle-nickname-foe" title="Pelipper">Pelipper</span> fainted!</div><div class="spacer battle-history"></div><div class="battle-history">martin_alvch sent out Kingdra!</div><div class="battle-history"><small>Pointed stones dug into the opposing <span class="battle-nickname-foe" title="Kingdra">Kingdra</span>! </small></div><h2 class="battle-history">Turn 14</h2><div class="spacer battle-history"></div><div class="battle-history"><span class="battle-nickname" title="Scizor-Mega">Scizor</span> used <strong>Bullet Punch</strong>!</div><div class="battle-history"><small>It's not very effective... <br></small><small>The opposing <span class="battle-nickname-foe" title="Kingdra">Kingdra</span> lost 58% of its health!</small><br></div><div class="spacer battle-history"></div><div class="battle-history">The opposing <span class="battle-nickname-foe" title="Kingdra">Kingdra</span> used <strong>Focus Energy</strong>!</div><div class="battle-history"><small>The opposing <span class="battle-nickname-foe" title="Kingdra">Kingdra</span> is getting pumped!</small></div><h2 class="battle-history">Turn 15</h2><div class="spacer battle-history"></div><div class="battle-history"><span class="battle-nickname" title="Scizor-Mega">Scizor</span> used <strong>Bullet Punch</strong>!</div><div class="battle-history"><small>It's not very effective... <br></small><small>The opposing <span class="battle-nickname-foe" title="Kingdra">Kingdra</span> lost 30% of its health!</small><br></div><div class="spacer battle-history"></div><div class="battle-history">The opposing <span class="battle-nickname-foe" title="Kingdra">Kingdra</span> fainted!</div><div class="spacer battle-history"></div><div class="battle-history"><small>martin_alvch forfeited.</small></div><div class="spacer battle-history"></div><div class="battle-history">ass grabbin won the battle!</div><div class="chat">Ladder updating...</div><div class="chat"><small>☆martin_alvch left.</small></div><div class="chat">martin_alvch's rating: 1654 → <strong>1631</strong><br>(-23 for losing)</div><div class="chat">ass grabbin's rating: 1604 → <strong>1627</strong><br>(+23 for winning)</div></div></div>
</div>
<script>
var daily = Math.floor(Date.now()/1000/60/60/24);document.write('<script src="https://play.pokemonshowdown.com/js/replay-embed.js?version'+daily+'"></'+'script>');
</script>
