<!DOCTYPE html>
<meta charset="utf-8" />
<!-- version 1 -->
<title>[Gen 7] OU replay: harrisonharry vs. ass grabbin</title>
<style>
html,body {font-family:Verdana, sans-serif;font-size:10pt;margin:0;padding:0;}body{padding:12px 0;} .battle-log {font-family:Verdana, sans-serif;font-size:10pt;} .battle-log-inline {border:1px solid #AAAAAA;background:#EEF2F5;color:black;max-width:640px;margin:0 auto 80px;padding-bottom:5px;} .battle-log .inner {padding:4px 8px 0px 8px;} .battle-log .inner-preempt {padding:0 8px 4px 8px;} .battle-log .inner-after {margin-top:0.5em;} .battle-log h2 {margin:0.5em -8px;padding:4px 8px;border:1px solid #AAAAAA;background:#E0E7EA;border-left:0;border-right:0;font-family:Verdana, sans-serif;font-size:13pt;} .battle-log .chat {vertical-align:middle;padding:3px 0 3px 0;font-size:8pt;} .battle-log .chat strong {color:#40576A;} .battle-log .chat em {padding:1px 4px 1px 3px;color:#000000;font-style:normal;} .chat.mine {background:rgba(0,0,0,0.05);margin-left:-8px;margin-right:-8px;padding-left:8px;padding-right:8px;} .spoiler {color:#BBBBBB;background:#BBBBBB;padding:0px 3px;} .spoiler:hover, .spoiler:active, .spoiler-shown {color:#000000;background:#E2E2E2;padding:0px 3px;} .spoiler a {color:#BBBBBB;} .spoiler:hover a, .spoiler:active a, .spoiler-shown a {color:#2288CC;} .chat code, .chat .spoiler:hover code, .chat .spoiler:active code, .chat .spoiler-shown code {border:1px solid #C0C0C0;background:#EEEEEE;color:black;padding:0 2px;} .chat .spoiler code {border:1px solid #CCCCCC;background:#CCCCCC;color:#CCCCCC;} .battle-log .rated {padding:3px 4px;} .battle-log .rated strong {color:white;background:#89A;padding:1px 4px;border-radius:4px;} .spacer {margin-top:0.5em;} .message-announce {background:#6688AA;color:white;padding:1px 4px 2px;} .message-announce a, .broadcast-green a, .broadcast-blue a, .broadcast-red a {color:#DDEEFF;} .broadcast-green {background-color:#559955;color:white;padding:2px 4px;} .broadcast-blue {background-color:#6688AA;color:white;padding:2px 4px;} .infobox {border:1px solid #6688AA;padding:2px 4px;} .infobox-limited {max-height:200px;overflow:auto;overflow-x:hidden;} .broadcast-red {background-color:#AA5544;color:white;padding:2px 4px;} .message-learn-canlearn {font-weight:bold;color:#228822;text-decoration:underline;} .message-learn-cannotlearn {font-weight:bold;color:#CC2222;text-decoration:underline;} .message-effect-weak {font-weight:bold;color:#CC2222;} .message-effect-resist {font-weight:bold;color:#6688AA;} .message-effect-immune {font-weight:bold;color:#666666;} .message-learn-list {margin-top:0;margin-bottom:0;} .message-throttle-notice, .message-error {color:#992222;} .message-overflow, .chat small.message-overflow {font-size:0pt;} .message-overflow::before {font-size:9pt;content:'...';} .subtle {color:#3A4A66;}
</style>
<div class="wrapper replay-wrapper" style="max-width:1180px;margin:0 auto">
<input type="hidden" name="replayid" value="gen7ou-736852104" />
<div class="battle"></div><div class="battle-log"></div><div class="replay-controls"></div><div class="replay-controls-2"></div>
<h1 style="font-weight:normal;text-align:center"><strong>[Gen 7] OU</strong><br /><a href="http://pokemonshowdown.com/users/harrisonharry" class="subtle" target="_blank">harrisonharry</a> vs. <a href="http://pokemonshowdown.com/users/assgrabbin" class="subtle" target="_blank">ass grabbin</a></h1>
<script type="text/plain" class="battle-log-data">|j|☆harrisonharry
|j|☆ass grabbin


|player|p1|harrisonharry|124



|player|p2|ass grabbin|70
|teamsize|p1|6
|teamsize|p2|6
|gametype|singles
|gen|7
|tier|[Gen 7] OU
|rated|
|seed|
|rule|Sleep Clause Mod: Limit one foe put to sleep
|rule|Species Clause: Limit one of each Pokémon
|rule|OHKO Clause: OHKO moves are banned
|rule|Moody Clause: Moody is banned
|rule|Evasion Moves Clause: Evasion moves are banned
|rule|Endless Battle Clause: Forcing endless battles is banned
|rule|HP Percentage Mod: HP is shown in percentages
|clearpoke
|poke|p1|Greninja, M|item
|poke|p1|Zygarde|item
|poke|p1|Clefable, F|item
|poke|p1|Celesteela|item
|poke|p1|Heatran, F|item
|poke|p1|Venusaur, M|item
|poke|p2|Zapdos|item
|poke|p2|Garchomp, F|item
|poke|p2|Greninja, M|item
|poke|p2|Nihilego|item
|poke|p2|Ferrothorn, M|item
|poke|p2|Scizor, M|item
|teampreview


|inactive|Time left: 150 sec this turn | 220 sec total


|inactive|Battle timer is ON: inactive players will automatically lose when time's up. (requested by harrisonharry)



|
|start
|switch|p1a: Greninja|Greninja, M|100\/100
|switch|p2a: Whips don't lie|Ferrothorn, M|352\/352
|turn|1


|inactive|Time left: 150 sec this turn | 225 sec total


|
|switch|p1a: Heatran|Heatran, F|100\/100
|move|p2a: Whips don't lie|Stealth Rock|p1a: Heatran
|-sidestart|p1: harrisonharry|move: Stealth Rock
|
|upkeep
|turn|2


|inactive|Time left: 150 sec this turn | 235 sec total


|
|switch|p2a: Zygarde sux|Garchomp, F|357\/357
|move|p1a: Heatran|Stealth Rock|p2a: Zygarde sux
|-sidestart|p2: ass grabbin|move: Stealth Rock
|
|upkeep
|turn|3


|inactive|Time left: 150 sec this turn | 240 sec total


|j| alvaro_goudinho



|
|switch|p1a: Clefable|Clefable, F|100\/100
|move|p2a: Zygarde sux|Swords Dance|p2a: Zygarde sux
|-boost|p2a: Zygarde sux|atk|2
|
|upkeep
|turn|4


|inactive|Time left: 150 sec this turn | 250 sec total


|
|switch|p1a: Celesteela|Celesteela|100\/100
|-damage|p1a: Celesteela|88\/100|[from] Stealth Rock
|move|p2a: Zygarde sux|Earthquake|p1a: Celesteela
|-immune|p1a: Celesteela|[msg]
|
|-heal|p1a: Celesteela|94\/100|[from] item: Leftovers
|upkeep
|turn|5


|inactive|Time left: 150 sec this turn | 260 sec total


|
|move|p2a: Zygarde sux|Fire Fang|p1a: Celesteela
|-supereffective|p1a: Celesteela
|-damage|p1a: Celesteela|33\/100
|move|p1a: Celesteela|Leech Seed|p2a: Zygarde sux
|-start|p2a: Zygarde sux|move: Leech Seed
|
|-heal|p1a: Celesteela|39\/100|[from] item: Leftovers
|-damage|p2a: Zygarde sux|313\/357|[from] Leech Seed|[of] p1a: Celesteela
|-heal|p1a: Celesteela|50\/100|[silent]
|upkeep
|turn|6


|inactive|Time left: 150 sec this turn | 270 sec total


|j| ViperSniper96



|
|move|p1a: Celesteela|Protect|p1a: Celesteela
|-singleturn|p1a: Celesteela|Protect
|move|p2a: Zygarde sux|Swords Dance|p2a: Zygarde sux
|-boost|p2a: Zygarde sux|atk|2
|
|-heal|p1a: Celesteela|56\/100|[from] item: Leftovers
|-damage|p2a: Zygarde sux|269\/357|[from] Leech Seed|[of] p1a: Celesteela
|-heal|p1a: Celesteela|67\/100|[silent]
|upkeep
|turn|7


|inactive|Time left: 150 sec this turn | 275 sec total


|l| ViperSniper96



|inactive|ass grabbin has 135 seconds left.



|
|switch|p1a: Clefable|Clefable, F|100\/100
|move|p2a: Zygarde sux|Fire Fang|p1a: Clefable
|-damage|p1a: Clefable|46\/100
|
|-heal|p1a: Clefable|52\/100|[from] item: Leftovers
|-damage|p2a: Zygarde sux|225\/357|[from] Leech Seed|[of] p1a: Clefable
|-heal|p1a: Clefable|63\/100|[silent]
|upkeep
|turn|8


|inactive|Time left: 150 sec this turn | 270 sec total


|
|move|p2a: Zygarde sux|Earthquake|p1a: Clefable
|-damage|p1a: Clefable|0 fnt
|faint|p1a: Clefable
|
|upkeep


|inactive|Time left: 150 sec this turn | 275 sec total


|
|switch|p1a: Greninja|Greninja, M|100\/100
|-damage|p1a: Greninja|88\/100|[from] Stealth Rock
|turn|9


|inactive|Time left: 150 sec this turn | 285 sec total


|
|switch|p2a: Whips don't lie|Ferrothorn, M|352\/352
|-damage|p2a: Whips don't lie|330\/352|[from] Stealth Rock
|move|p1a: Greninja|Ice Beam|p2a: Whips don't lie
|-start|p1a: Greninja|typechange|Ice|[from] Protean
|-damage|p2a: Whips don't lie|245\/352
|
|-heal|p2a: Whips don't lie|267\/352|[from] item: Leftovers
|upkeep
|turn|10


|inactive|Time left: 150 sec this turn | 290 sec total


|
|switch|p1a: Heatran|Heatran, F|100\/100
|-damage|p1a: Heatran|88\/100|[from] Stealth Rock
|move|p2a: Whips don't lie|Thunder Wave|p1a: Heatran
|-status|p1a: Heatran|par
|
|-heal|p2a: Whips don't lie|289\/352|[from] item: Leftovers
|upkeep
|turn|11


|inactive|Time left: 150 sec this turn | 300 sec total


|inactive|ass grabbin has 135 seconds left.



|
|switch|p2a: Zygarde sux|Garchomp, F|225\/357
|-damage|p2a: Zygarde sux|203\/357|[from] Stealth Rock
|-zpower|p1a: Heatran
|move|p1a: Heatran|Tectonic Rage|p2a: Zygarde sux|[zeffect]
|-damage|p2a: Zygarde sux|2\/357
|
|upkeep
|turn|12


|inactive|Time left: 150 sec this turn | 295 sec total


|inactive|harrisonharry has 135 seconds left.



|
|switch|p1a: Zygarde|Zygarde|100\/100
|-damage|p1a: Zygarde|94\/100|[from] Stealth Rock
|-ability|p1a: Zygarde|Aura Break
|move|p2a: Zygarde sux|Earthquake|p1a: Zygarde
|-damage|p1a: Zygarde|49\/100
|
|upkeep
|turn|13


|inactive|Time left: 150 sec this turn | 305 sec total


|inactive|ass grabbin has 135 seconds left.



|inactive|ass grabbin has 120 seconds left.



|
|move|p1a: Zygarde|Extreme Speed|p2a: Zygarde sux
|-damage|p2a: Zygarde sux|0 fnt
|-damage|p1a: Zygarde|37\/100|[from] ability: Rough Skin|[of] p2a: Zygarde sux
|faint|p2a: Zygarde sux
|
|upkeep


|inactive|Time left: 150 sec this turn | 285 sec total


|inactive|ass grabbin has 135 seconds left.



|
|switch|p2a: Flexicution|Greninja, M|285\/285
|-damage|p2a: Flexicution|250\/285|[from] Stealth Rock
|turn|14


|inactive|Time left: 150 sec this turn | 270 sec total


|
|switch|p1a: Greninja|Greninja, M|88\/100
|-damage|p1a: Greninja|76\/100|[from] Stealth Rock
|move|p2a: Flexicution|Dark Pulse|p1a: Greninja
|-resisted|p1a: Greninja
|-damage|p1a: Greninja|31\/100
|
|upkeep
|turn|15


|inactive|Time left: 150 sec this turn | 280 sec total


|
|switch|p1a: Heatran|Heatran, F|88\/100 par
|-damage|p1a: Heatran|76\/100 par|[from] Stealth Rock
|switch|p2a: Whips don't lie|Ferrothorn, M|289\/352
|-damage|p2a: Whips don't lie|267\/352|[from] Stealth Rock
|
|-heal|p2a: Whips don't lie|289\/352|[from] item: Leftovers
|upkeep
|turn|16


|inactive|Time left: 150 sec this turn | 285 sec total


|
|switch|p2a: Flexicution|Greninja, M|250\/285
|-damage|p2a: Flexicution|215\/285|[from] Stealth Rock
|cant|p1a: Heatran|par
|
|upkeep
|turn|17


|inactive|Time left: 150 sec this turn | 290 sec total


|
|switch|p1a: Venusaur|Venusaur, M|100\/100
|-damage|p1a: Venusaur|88\/100|[from] Stealth Rock
|move|p2a: Flexicution|Dark Pulse|p1a: Venusaur
|-damage|p1a: Venusaur|51\/100
|
|upkeep
|turn|18


|inactive|Time left: 150 sec this turn | 295 sec total


|
|switch|p2a: Whips don't lie|Ferrothorn, M|289\/352
|-damage|p2a: Whips don't lie|267\/352|[from] Stealth Rock
|-mega|p1a: Venusaur|Venusaur|Venusaurite
|detailschange|p1a: Venusaur|Venusaur-Mega, M
|move|p1a: Venusaur|Synthesis|p1a: Venusaur
|-heal|p1a: Venusaur|100\/100
|
|-heal|p2a: Whips don't lie|289\/352|[from] item: Leftovers
|upkeep
|turn|19


|inactive|Time left: 150 sec this turn | 305 sec total


|
|switch|p1a: Heatran|Heatran, F|76\/100 par
|-damage|p1a: Heatran|63\/100 par|[from] Stealth Rock
|move|p2a: Whips don't lie|Thunder Wave|p1a: Heatran
|-fail|p1a: Heatran|par
|
|-heal|p2a: Whips don't lie|311\/352|[from] item: Leftovers
|upkeep
|turn|20


|inactive|Time left: 150 sec this turn | 315 sec total


|
|switch|p2a: R34 Lusamine|Nihilego|360\/360
|-damage|p2a: R34 Lusamine|315\/360|[from] Stealth Rock
|move|p1a: Heatran|Magma Storm|p2a: R34 Lusamine|[miss]
|-miss|p1a: Heatran|p2a: R34 Lusamine
|
|upkeep
|turn|21


|inactive|Time left: 150 sec this turn | 315 sec total


|
|switch|p2a: Bodak Yellow|Zapdos|383\/383
|-damage|p2a: Bodak Yellow|288\/383|[from] Stealth Rock
|switch|p1a: Venusaur|Venusaur-Mega, M|100\/100
|-damage|p1a: Venusaur|88\/100|[from] Stealth Rock
|
|-heal|p2a: Bodak Yellow|311\/383|[from] item: Leftovers
|upkeep
|turn|22


|inactive|Time left: 150 sec this turn | 320 sec total


|
|switch|p2a: Whips don't lie|Ferrothorn, M|311\/352
|-damage|p2a: Whips don't lie|289\/352|[from] Stealth Rock
|move|p1a: Venusaur|Sludge Bomb|p2a: Whips don't lie
|-immune|p2a: Whips don't lie|[msg]
|
|-heal|p2a: Whips don't lie|311\/352|[from] item: Leftovers
|upkeep
|turn|23


|inactive|Time left: 150 sec this turn | 330 sec total


|
|move|p1a: Venusaur|Earthquake|p2a: Whips don't lie
|-damage|p2a: Whips don't lie|256\/352
|move|p2a: Whips don't lie|Leech Seed|p1a: Venusaur
|-immune|p1a: Venusaur|[msg]
|
|-heal|p2a: Whips don't lie|278\/352|[from] item: Leftovers
|upkeep
|turn|24


|inactive|Time left: 150 sec this turn | 340 sec total


|
|switch|p1a: Heatran|Heatran, F|63\/100 par
|-damage|p1a: Heatran|51\/100 par|[from] Stealth Rock
|move|p2a: Whips don't lie|Thunder Wave|p1a: Heatran
|-fail|p1a: Heatran|par
|
|-heal|p2a: Whips don't lie|300\/352|[from] item: Leftovers
|upkeep
|turn|25


|inactive|Time left: 150 sec this turn | 350 sec total


|inactive|ass grabbin has 135 seconds left.


|html|<div class="infobox">Pok&eacute;mon Showdown! damage calculator. (Courtesy of Honko)<br \/>- <a href="https:\/\/pokemonshowdown.com\/damagecalc\/">Damage Calculator<\/a><\/div>


|inactive|ass grabbin has 120 seconds left.



|
|switch|p2a: Flexicution|Greninja, M|215\/285
|-damage|p2a: Flexicution|180\/285|[from] Stealth Rock
|move|p1a: Heatran|Earth Power|p2a: Flexicution
|-damage|p2a: Flexicution|64\/285
|
|upkeep
|turn|26


|inactive|Time left: 150 sec this turn | 330 sec total


|
|switch|p1a: Venusaur|Venusaur-Mega, M|88\/100
|-damage|p1a: Venusaur|76\/100|[from] Stealth Rock
|move|p2a: Flexicution|Dark Pulse|p1a: Venusaur
|-damage|p1a: Venusaur|43\/100
|
|upkeep
|turn|27


|inactive|Time left: 150 sec this turn | 340 sec total


|
|move|p2a: Flexicution|Dark Pulse|p1a: Venusaur
|-damage|p1a: Venusaur|12\/100
|move|p1a: Venusaur|Synthesis|p1a: Venusaur
|-heal|p1a: Venusaur|61\/100
|
|upkeep
|turn|28


|inactive|Time left: 150 sec this turn | 350 sec total


|
|switch|p2a: Whips don't lie|Ferrothorn, M|300\/352
|-damage|p2a: Whips don't lie|278\/352|[from] Stealth Rock
|move|p1a: Venusaur|Sludge Bomb|p2a: Whips don't lie
|-immune|p2a: Whips don't lie|[msg]
|
|-heal|p2a: Whips don't lie|300\/352|[from] item: Leftovers
|upkeep
|turn|29


|inactive|Time left: 150 sec this turn | 360 sec total


|
|move|p1a: Venusaur|Synthesis|p1a: Venusaur
|-heal|p1a: Venusaur|100\/100
|move|p2a: Whips don't lie|Leech Seed|p1a: Venusaur
|-immune|p1a: Venusaur|[msg]
|
|-heal|p2a: Whips don't lie|322\/352|[from] item: Leftovers
|upkeep
|turn|30


|inactive|Time left: 150 sec this turn | 370 sec total


|
|switch|p1a: Heatran|Heatran, F|51\/100 par
|-damage|p1a: Heatran|38\/100 par|[from] Stealth Rock
|move|p2a: Whips don't lie|Leech Seed|p1a: Heatran
|-start|p1a: Heatran|move: Leech Seed
|
|-heal|p2a: Whips don't lie|344\/352|[from] item: Leftovers
|-damage|p1a: Heatran|26\/100 par|[from] Leech Seed|[of] p2a: Whips don't lie
|-heal|p2a: Whips don't lie|352\/352|[silent]
|upkeep
|turn|31


|inactive|Time left: 150 sec this turn | 380 sec total


|
|switch|p2a: R34 Lusamine|Nihilego|315\/360
|-damage|p2a: R34 Lusamine|270\/360|[from] Stealth Rock
|move|p1a: Heatran|Earth Power|p2a: R34 Lusamine
|-supereffective|p2a: R34 Lusamine
|-damage|p2a: R34 Lusamine|10\/360
|
|-damage|p1a: Heatran|13\/100 par|[from] Leech Seed|[of] p2a: R34 Lusamine
|-heal|p2a: R34 Lusamine|58\/360|[silent]
|upkeep
|turn|32


|inactive|Time left: 150 sec this turn | 390 sec total


|
|switch|p1a: Venusaur|Venusaur-Mega, M|100\/100
|-damage|p1a: Venusaur|88\/100|[from] Stealth Rock
|move|p2a: R34 Lusamine|Power Gem|p1a: Venusaur
|-damage|p1a: Venusaur|61\/100
|
|upkeep
|turn|33


|inactive|Time left: 150 sec this turn | 400 sec total


|
|switch|p2a: Swords Dance|Scizor, M|344\/344
|-damage|p2a: Swords Dance|301\/344|[from] Stealth Rock
|move|p1a: Venusaur|Synthesis|p1a: Venusaur
|-heal|p1a: Venusaur|100\/100
|
|upkeep
|turn|34


|inactive|Time left: 150 sec this turn | 405 sec total


|inactive|harrisonharry has 135 seconds left.



|
|switch|p1a: Celesteela|Celesteela|67\/100
|-damage|p1a: Celesteela|55\/100|[from] Stealth Rock
|-mega|p2a: Swords Dance|Scizor|Scizorite
|detailschange|p2a: Swords Dance|Scizor-Mega, M
|move|p2a: Swords Dance|Knock Off|p1a: Celesteela
|-damage|p1a: Celesteela|27\/100
|-enditem|p1a: Celesteela|Leftovers|[from] move: Knock Off|[of] p2a: Swords Dance
|
|upkeep
|turn|35


|inactive|Time left: 150 sec this turn | 415 sec total


|
|switch|p2a: Whips don't lie|Ferrothorn, M|352\/352
|-damage|p2a: Whips don't lie|330\/352|[from] Stealth Rock
|move|p1a: Celesteela|Leech Seed|p2a: Whips don't lie
|-immune|p2a: Whips don't lie|[msg]
|
|-heal|p2a: Whips don't lie|352\/352|[from] item: Leftovers
|upkeep
|turn|36


|inactive|Time left: 150 sec this turn | 420 sec total


|
|move|p1a: Celesteela|Flamethrower|p2a: Whips don't lie
|-supereffective|p2a: Whips don't lie
|-damage|p2a: Whips don't lie|120\/352
|move|p2a: Whips don't lie|Thunder Wave|p1a: Celesteela
|-status|p1a: Celesteela|par
|
|-heal|p2a: Whips don't lie|142\/352|[from] item: Leftovers
|upkeep
|turn|37


|inactive|Time left: 150 sec this turn | 430 sec total


|
|move|p2a: Whips don't lie|Leech Seed|p1a: Celesteela
|-start|p1a: Celesteela|move: Leech Seed
|cant|p1a: Celesteela|par
|
|-heal|p2a: Whips don't lie|164\/352|[from] item: Leftovers
|-damage|p1a: Celesteela|14\/100 par|[from] Leech Seed|[of] p2a: Whips don't lie
|-heal|p2a: Whips don't lie|213\/352|[silent]
|upkeep
|turn|38


|inactive|Time left: 150 sec this turn | 440 sec total


|
|move|p2a: Whips don't lie|Leech Seed|p1a: Celesteela|[miss]
|-miss|p2a: Whips don't lie|p1a: Celesteela
|move|p1a: Celesteela|Flamethrower|p2a: Whips don't lie
|-supereffective|p2a: Whips don't lie
|-damage|p2a: Whips don't lie|1\/352
|
|-heal|p2a: Whips don't lie|23\/352|[from] item: Leftovers
|-damage|p1a: Celesteela|2\/100 par|[from] Leech Seed|[of] p2a: Whips don't lie
|-heal|p2a: Whips don't lie|72\/352|[silent]
|upkeep
|turn|39


|inactive|Time left: 150 sec this turn | 450 sec total


|
|move|p2a: Whips don't lie|Leech Seed|p1a: Celesteela
|-fail|p2a: Whips don't lie
|move|p1a: Celesteela|Flamethrower|p2a: Whips don't lie
|-supereffective|p2a: Whips don't lie
|-damage|p2a: Whips don't lie|0 fnt
|faint|p2a: Whips don't lie
|-ability|p1a: Celesteela|Beast Boost|boost
|-boost|p1a: Celesteela|spd|1
|
|upkeep


|inactive|Time left: 150 sec this turn | 460 sec total


|
|switch|p2a: Flexicution|Greninja, M|64\/285
|-damage|p2a: Flexicution|29\/285|[from] Stealth Rock
|turn|40


|inactive|Time left: 150 sec this turn | 465 sec total


|inactive|harrisonharry has 135 seconds left.



|
|move|p2a: Flexicution|Spikes|p1a: Celesteela
|-sidestart|p1: harrisonharry|Spikes
|cant|p1a: Celesteela|par
|
|-damage|p1a: Celesteela|0 fnt|[from] Leech Seed|[of] p2a: Flexicution
|-heal|p2a: Flexicution|35\/285|[silent]
|upkeep
|faint|p1a: Celesteela


|inactive|Time left: 150 sec this turn | 470 sec total


|j| fatenero



|inactive|harrisonharry has 135 seconds left.



|
|switch|p1a: Zygarde|Zygarde|37\/100
|-damage|p1a: Zygarde|24\/100|[from] Spikes
|-damage|p1a: Zygarde|18\/100|[from] Stealth Rock
|-ability|p1a: Zygarde|Aura Break
|turn|41


|inactive|Time left: 150 sec this turn | 480 sec total


|
|move|p2a: Flexicution|Spikes|p1a: Zygarde
|-sidestart|p1: harrisonharry|Spikes
|move|p1a: Zygarde|Thousand Arrows|p2a: Flexicution
|-crit|p2a: Flexicution
|-damage|p2a: Flexicution|0 fnt
|faint|p2a: Flexicution
|
|upkeep


|inactive|Time left: 150 sec this turn | 490 sec total


|
|switch|p2a: Swords Dance|Scizor-Mega, M|301\/344
|-damage|p2a: Swords Dance|258\/344|[from] Stealth Rock
|turn|42


|inactive|Time left: 150 sec this turn | 490 sec total


|inactive|harrisonharry has 135 seconds left.



|inactive|harrisonharry has 120 seconds left.



|
|move|p2a: Swords Dance|Bullet Punch|p1a: Zygarde
|-damage|p1a: Zygarde|0 fnt
|faint|p1a: Zygarde
|
|upkeep


|inactive|Time left: 150 sec this turn | 500 sec total


|
|switch|p1a: Venusaur|Venusaur-Mega, M|100\/100
|-damage|p1a: Venusaur|88\/100|[from] Stealth Rock
|-damage|p1a: Venusaur|72\/100|[from] Spikes
|turn|43


|inactive|Time left: 150 sec this turn | 510 sec total


|
|move|p2a: Swords Dance|Swords Dance|p2a: Swords Dance
|-boost|p2a: Swords Dance|atk|2
|move|p1a: Venusaur|Leech Seed|p2a: Swords Dance
|-start|p2a: Swords Dance|move: Leech Seed
|
|-damage|p2a: Swords Dance|215\/344|[from] Leech Seed|[of] p1a: Venusaur
|-heal|p1a: Venusaur|83\/100|[silent]
|upkeep
|turn|44


|inactive|Time left: 150 sec this turn | 515 sec total


|
|move|p2a: Swords Dance|Swords Dance|p2a: Swords Dance
|-boost|p2a: Swords Dance|atk|2
|move|p1a: Venusaur|Earthquake|p2a: Swords Dance
|-damage|p2a: Swords Dance|160\/344
|
|-damage|p2a: Swords Dance|117\/344|[from] Leech Seed|[of] p1a: Venusaur
|-heal|p1a: Venusaur|95\/100|[silent]
|upkeep
|turn|45


|inactive|Time left: 150 sec this turn | 520 sec total


|
|move|p2a: Swords Dance|Roost|p2a: Swords Dance
|-heal|p2a: Swords Dance|289\/344
|move|p1a: Venusaur|Earthquake|p2a: Swords Dance
|-damage|p2a: Swords Dance|233\/344
|
|-damage|p2a: Swords Dance|190\/344|[from] Leech Seed|[of] p1a: Venusaur
|-heal|p1a: Venusaur|100\/100|[silent]
|upkeep
|turn|46


|inactive|Time left: 150 sec this turn | 530 sec total


|inactive|harrisonharry has 135 seconds left.



|
|move|p2a: Swords Dance|Roost|p2a: Swords Dance
|-heal|p2a: Swords Dance|344\/344
|move|p1a: Venusaur|Earthquake|p2a: Swords Dance
|-damage|p2a: Swords Dance|290\/344
|
|-damage|p2a: Swords Dance|247\/344|[from] Leech Seed|[of] p1a: Venusaur
|upkeep
|turn|47


|inactive|Time left: 150 sec this turn | 540 sec total


|
|move|p2a: Swords Dance|Swords Dance|p2a: Swords Dance
|-boost|p2a: Swords Dance|atk|2
|move|p1a: Venusaur|Earthquake|p2a: Swords Dance
|-damage|p2a: Swords Dance|187\/344
|
|-damage|p2a: Swords Dance|144\/344|[from] Leech Seed|[of] p1a: Venusaur
|upkeep
|turn|48


|inactive|Time left: 150 sec this turn | 550 sec total


|
|move|p2a: Swords Dance|Roost|p2a: Swords Dance
|-heal|p2a: Swords Dance|316\/344
|move|p1a: Venusaur|Earthquake|p2a: Swords Dance
|-damage|p2a: Swords Dance|252\/344
|
|-damage|p2a: Swords Dance|209\/344|[from] Leech Seed|[of] p1a: Venusaur
|upkeep
|turn|49


|inactive|Time left: 150 sec this turn | 560 sec total


|
|move|p2a: Swords Dance|Bullet Punch|p1a: Venusaur
|-damage|p1a: Venusaur|0 fnt
|faint|p1a: Venusaur
|
|upkeep


|inactive|Time left: 150 sec this turn | 570 sec total


|inactive|harrisonharry has 135 seconds left.



|
|switch|p1a: Greninja|Greninja, M|31\/100
|-damage|p1a: Greninja|14\/100|[from] Spikes
|-damage|p1a: Greninja|2\/100|[from] Stealth Rock
|turn|50


|inactive|Time left: 150 sec this turn | 580 sec total

|raw|<div class="ladder"><table><tr><td colspan="8">User: <strong>harrisonharry<\/strong><\/td><\/tr><tr><th>Format<\/th><th><abbr title="Elo rating">Elo<\/abbr><\/th><th><abbr title="user's percentage chance of winning a random battle (aka GLIXARE)">GXE<\/abbr><\/th><th><abbr title="Glicko-1 rating: rating±deviation">Glicko-1<\/abbr><\/th><th>W<\/th><th>L<\/th><th>Total<\/th><\/tr><tr><td>[Gen 3] OU<\/td><td><strong>1132<\/strong><\/td><td>&ndash;<\/td><td><span><em>1594<small> &#177; 107<\/small><\/em> <small>(provisional)<\/small><\/span><\/td><td>4<\/td><td>1<\/td><td>5<\/td><\/tr><tr><td>[Gen 4] OU<\/td><td><strong>1405<\/strong><\/td><td>76<small>.5%<\/small><\/td><td><em>1725<small> &#177; 56<\/small><\/em><\/td><td>123<\/td><td>54<\/td><td>177<\/td><\/tr><tr><td>[Gen 5] OU<\/td><td><strong>1347<\/strong><\/td><td>81<small>.0%<\/small><\/td><td><em>1775<small> &#177; 48<\/small><\/em><\/td><td>137<\/td><td>47<\/td><td>184<\/td><\/tr><tr><td>[Gen 6] OU<\/td><td><strong>1500<\/strong><\/td><td>81<small>.8%<\/small><\/td><td><em>1788<small> &#177; 61<\/small><\/em><\/td><td>68<\/td><td>28<\/td><td>96<\/td><\/tr><tr><td>gen6ounoteampreview<\/td><td><strong>1045<\/strong><\/td><td>&ndash;<\/td><td><span><em>1541<small> &#177; 123<\/small><\/em> <small>(provisional)<\/small><\/span><\/td><td>1<\/td><td>0<\/td><td>1<\/td><\/tr><tr><td>[Gen 7] Almost Any Ability<\/td><td><strong>1000<\/strong><\/td><td>&ndash;<\/td><td><span><em>1460<small> &#177; 123<\/small><\/em> <small>(provisional)<\/small><\/span><\/td><td>0<\/td><td>1<\/td><td>1<\/td><\/tr><tr><td>[Gen 7] BSS Factory<\/td><td><strong>1093<\/strong><\/td><td>&ndash;<\/td><td><span><em>1574<small> &#177; 116<\/small><\/em> <small>(provisional)<\/small><\/span><\/td><td>2<\/td><td>0<\/td><td>2<\/td><\/tr><tr><td>[Gen 7] Mix and Mega<\/td><td><strong>1471<\/strong><\/td><td>87<small>.1%<\/small><\/td><td><em>1873<small> &#177; 96<\/small><\/em><\/td><td>41<\/td><td>3<\/td><td>44<\/td><\/tr><tr><td>[Gen 7] Monotype<\/td><td><strong>1316<\/strong><\/td><td>73<small>.9%<\/small><\/td><td><em>1700<small> &#177; 73<\/small><\/em><\/td><td>16<\/td><td>4<\/td><td>20<\/td><\/tr><tr><td>[Gen 7] OU<\/td><td><strong>1891<\/strong><\/td><td>82<small>.8%<\/small><\/td><td><em>1796<small> &#177; 27<\/small><\/em><\/td><td>1377<\/td><td>973<\/td><td>2351<\/td><\/tr><tr><td>[Gen 7] Random Battle<\/td><td><strong>2018<\/strong><\/td><td>85<small>.0%<\/small><\/td><td><em>1827<small> &#177; 33<\/small><\/em><\/td><td>145<\/td><td>81<\/td><td>226<\/td><\/tr><tr><td>[Gen 7] RU<\/td><td><strong>1080<\/strong><\/td><td>&ndash;<\/td><td><span><em>1565<small> &#177; 117<\/small><\/em> <small>(provisional)<\/small><\/span><\/td><td>2<\/td><td>0<\/td><td>2<\/td><\/tr><tr><td>[Gen 7] STABmons<\/td><td><strong>1312<\/strong><\/td><td>&ndash;<\/td><td><span><em>1668<small> &#177; 127<\/small><\/em> <small>(provisional)<\/small><\/span><\/td><td>23<\/td><td>10<\/td><td>33<\/td><\/tr><tr><td>[Gen 7] Ubers<\/td><td><strong>1527<\/strong><\/td><td>83<small>.2%<\/small><\/td><td><em>1802<small> &#177; 35<\/small><\/em><\/td><td>360<\/td><td>196<\/td><td>556<\/td><\/tr><tr><td>[Gen 7] UU<\/td><td><strong>1323<\/strong><\/td><td>69<small>.8%<\/small><\/td><td><em>1661<small> &#177; 73<\/small><\/em><\/td><td>15<\/td><td>4<\/td><td>19<\/td><\/tr><tr><td>ou<\/td><td><strong>1045<\/strong><\/td><td>&ndash;<\/td><td><span><em>1500<small> &#177; 117<\/small><\/em> <small>(provisional)<\/small><\/span><\/td><td>1<\/td><td>1<\/td><td>2<\/td><\/tr><\/table><\/div>


|
|move|p2a: Swords Dance|Bullet Punch|p1a: Greninja
|-resisted|p1a: Greninja
|-damage|p1a: Greninja|0 fnt
|faint|p1a: Greninja
|
|upkeep


|inactive|Time left: 150 sec this turn | 580 sec total


|
|switch|p1a: Heatran|Heatran, F|13\/100 par
|-damage|p1a: Heatran|0 fnt|[from] Spikes
|faint|p1a: Heatran
|
|win|ass grabbin


|inactive|Time left: 150 sec this turn | 590 sec total

||Ladder updating...


|raw|harrisonharry's rating: 1905 &rarr; <strong>1880<\/strong><br \/>(-25 for losing)
|raw|ass grabbin's rating: 1815 &rarr; <strong>1840<\/strong><br \/>(+25 for winning)



|l|☆harrisonharry



|l| alvaro_goudinho

</script>
</div>
<div class="battle-log battle-log-inline"><div class="inner"><div class="chat"><small>☆harrisonharry joined.</small></div><div class="chat"><small>☆ass grabbin joined.</small></div><div style="padding:5px 0"><small>Format:</small> <br><strong>[Gen 7] OU</strong></div><div class="rated"><strong>Rated battle</strong></div><div><small><em>Sleep Clause Mod:</em> Limit one foe put to sleep</small></div><div><small><em>Species Clause:</em> Limit one of each Pokémon</small></div><div><small><em>OHKO Clause:</em> OHKO moves are banned</small></div><div><small><em>Moody Clause:</em> Moody is banned</small></div><div><small><em>Evasion Moves Clause:</em> Evasion moves are banned</small></div><div><small><em>Endless Battle Clause:</em> Forcing endless battles is banned</small></div><div><small><em>HP Percentage Mod:</em> HP is shown in percentages</small></div><div class="chat"><strong>ass grabbin's team:</strong> <em style="color:#445566;display:block;">Zapdos / Garchomp / Greninja / Nihilego / Ferrothorn / Scizor</em></div><div class="chat"><strong>harrisonharry's team:</strong> <em style="color:#445566;display:block;">Greninja / Zygarde / Clefable / Celesteela / Heatran / Venusaur</em></div><div class="chat message-error">Battle timer is ON: inactive players will automatically lose when time's up. (requested by harrisonharry)</div><div>Battle between harrisonharry and ass grabbin started!</div><div class="spacer battle-history"></div><div class="battle-history">harrisonharry sent out Greninja!</div><div class="spacer battle-history"></div><div class="battle-history">Go! <span class="battle-nickname" title="Ferrothorn">Whips don't lie <small>(Ferrothorn)</small></span>!</div><h2 class="battle-history">Turn 1</h2><div class="spacer battle-history"></div><div class="battle-history">harrisonharry withdrew Greninja!</div><div class="battle-history">harrisonharry sent out Heatran!</div><div class="spacer battle-history"></div><div class="battle-history"><span class="battle-nickname" title="Ferrothorn">Whips don't lie</span> used <strong>Stealth Rock</strong>!</div><div class="battle-history"><small>Pointed stones float in the air around the opposing team!</small></div><h2 class="battle-history">Turn 2</h2><div class="spacer battle-history"></div><div class="battle-history"><span class="battle-nickname" title="Ferrothorn">Whips don't lie</span>, come back!</div><div class="battle-history">Go! <span class="battle-nickname" title="Garchomp">Zygarde sux <small>(Garchomp)</small></span>!</div><div class="spacer battle-history"></div><div class="battle-history">The opposing <span class="battle-nickname-foe" title="Heatran">Heatran</span> used <strong>Stealth Rock</strong>!</div><div class="battle-history"><small>Pointed stones float in the air around your team!</small></div><h2 class="battle-history">Turn 3</h2><div class="chat"><small> alvaro_goudinho joined.</small></div><div class="spacer battle-history"></div><div class="battle-history">harrisonharry withdrew Heatran!</div><div class="battle-history">harrisonharry sent out Clefable!</div><div class="spacer battle-history"></div><div class="battle-history"><span class="battle-nickname" title="Garchomp">Zygarde sux</span> used <strong>Swords Dance</strong>!</div><div class="battle-history"><small><span class="battle-nickname" title="Garchomp">Zygarde sux</span>'s Attack rose sharply! </small></div><h2 class="battle-history">Turn 4</h2><div class="spacer battle-history"></div><div class="battle-history">harrisonharry withdrew Clefable!</div><div class="battle-history">harrisonharry sent out Celesteela!</div><div class="battle-history"><small>Pointed stones dug into the opposing <span class="battle-nickname-foe" title="Celesteela">Celesteela</span>! </small></div><div class="spacer battle-history"></div><div class="battle-history"><span class="battle-nickname" title="Garchomp">Zygarde sux</span> used <strong>Earthquake</strong>!</div><div class="battle-history"><small>It doesn't affect the opposing <span class="battle-nickname-foe" title="Celesteela">Celesteela</span>... </small></div><div class="spacer battle-history"></div><div class="battle-history"><small>The opposing <span class="battle-nickname-foe" title="Celesteela">Celesteela</span> restored a little HP using its Leftovers!</small></div><h2 class="battle-history">Turn 5</h2><div class="spacer battle-history"></div><div class="battle-history"><span class="battle-nickname" title="Garchomp">Zygarde sux</span> used <strong>Fire Fang</strong>!</div><div class="battle-history"><small>It's super effective! <br></small><small>The opposing <span class="battle-nickname-foe" title="Celesteela">Celesteela</span> lost 61% of its health!</small><br></div><div class="spacer battle-history"></div><div class="battle-history">The opposing <span class="battle-nickname-foe" title="Celesteela">Celesteela</span> used <strong>Leech Seed</strong>!</div><div class="battle-history"><small><span class="battle-nickname" title="Garchomp">Zygarde sux</span> was seeded!</small></div><div class="spacer battle-history"></div><div class="battle-history"><small>The opposing <span class="battle-nickname-foe" title="Celesteela">Celesteela</span> restored a little HP using its Leftovers!</small></div><div class="battle-history"><small><span class="battle-nickname" title="Garchomp">Zygarde sux</span>'s health is sapped by Leech Seed! </small></div><h2 class="battle-history">Turn 6</h2><div class="chat"><small> ViperSniper96 joined.</small></div><div class="spacer battle-history"></div><div class="battle-history">The opposing <span class="battle-nickname-foe" title="Celesteela">Celesteela</span> used <strong>Protect</strong>!</div><div class="battle-history"><small>The opposing <span class="battle-nickname-foe" title="Celesteela">Celesteela</span> protected itself!</small></div><div class="spacer battle-history"></div><div class="battle-history"><span class="battle-nickname" title="Garchomp">Zygarde sux</span> used <strong>Swords Dance</strong>!</div><div class="battle-history"><small><span class="battle-nickname" title="Garchomp">Zygarde sux</span>'s Attack rose sharply! </small></div><div class="spacer battle-history"></div><div class="battle-history"><small>The opposing <span class="battle-nickname-foe" title="Celesteela">Celesteela</span> restored a little HP using its Leftovers!</small></div><div class="battle-history"><small><span class="battle-nickname" title="Garchomp">Zygarde sux</span>'s health is sapped by Leech Seed! </small></div><h2 class="battle-history">Turn 7</h2><div class="chat message-error">ass grabbin has 135 seconds left.</div><div class="chat"><small> ViperSniper96 left.</small></div><div class="spacer battle-history"></div><div class="battle-history">harrisonharry withdrew Celesteela!</div><div class="battle-history">harrisonharry sent out Clefable!</div><div class="spacer battle-history"></div><div class="battle-history"><span class="battle-nickname" title="Garchomp">Zygarde sux</span> used <strong>Fire Fang</strong>!</div><div class="battle-history"><small>The opposing <span class="battle-nickname-foe" title="Clefable">Clefable</span> lost 54% of its health!</small><br></div><div class="spacer battle-history"></div><div class="battle-history"><small>The opposing <span class="battle-nickname-foe" title="Clefable">Clefable</span> restored a little HP using its Leftovers!</small></div><div class="battle-history"><small><span class="battle-nickname" title="Garchomp">Zygarde sux</span>'s health is sapped by Leech Seed! </small></div><h2 class="battle-history">Turn 8</h2><div class="spacer battle-history"></div><div class="battle-history"><span class="battle-nickname" title="Garchomp">Zygarde sux</span> used <strong>Earthquake</strong>!</div><div class="battle-history"><small>The opposing <span class="battle-nickname-foe" title="Clefable">Clefable</span> lost 63% of its health!</small><br></div><div class="spacer battle-history"></div><div class="battle-history">The opposing <span class="battle-nickname-foe" title="Clefable">Clefable</span> fainted!</div><div class="spacer battle-history"></div><div class="battle-history">harrisonharry sent out Greninja!</div><div class="battle-history"><small>Pointed stones dug into the opposing <span class="battle-nickname-foe" title="Greninja">Greninja</span>! </small></div><h2 class="battle-history">Turn 9</h2><div class="spacer battle-history"></div><div class="battle-history"><span class="battle-nickname" title="Garchomp">Zygarde sux</span>, come back!</div><div class="battle-history">Go! <span class="battle-nickname" title="Ferrothorn">Whips don't lie <small>(Ferrothorn)</small></span>!</div><div class="battle-history"><small>Pointed stones dug into <span class="battle-nickname" title="Ferrothorn">Whips don't lie</span>! </small></div><div class="spacer battle-history"></div><div class="battle-history">The opposing <span class="battle-nickname-foe" title="Greninja">Greninja</span> used <strong>Ice Beam</strong>!</div><div class="spacer battle-history"></div><div class="battle-history"><small>[Opposing <span class="battle-nickname-foe" title="Greninja">Greninja</span>'s Protean!]</small></div><div class="battle-history"><small>The opposing <span class="battle-nickname-foe" title="Greninja">Greninja</span> transformed into the Ice type!</small></div><div class="battle-history"><small><span class="battle-nickname" title="Ferrothorn">Whips don't lie</span> lost <abbr title="−85/352">24.1%</abbr> of its health!</small><br></div><div class="spacer battle-history"></div><div class="battle-history"><small><span class="battle-nickname" title="Ferrothorn">Whips don't lie</span> restored a little HP using its Leftovers!</small></div><h2 class="battle-history">Turn 10</h2><div class="spacer battle-history"></div><div class="battle-history">harrisonharry withdrew Greninja!</div><div class="battle-history">harrisonharry sent out Heatran!</div><div class="battle-history"><small>Pointed stones dug into the opposing <span class="battle-nickname-foe" title="Heatran">Heatran</span>! </small></div><div class="spacer battle-history"></div><div class="battle-history"><span class="battle-nickname" title="Ferrothorn">Whips don't lie</span> used <strong>Thunder Wave</strong>!</div><div class="battle-history"><small>The opposing <span class="battle-nickname-foe" title="Heatran">Heatran</span> is paralyzed! It may be unable to move!</small></div><div class="spacer battle-history"></div><div class="battle-history"><small><span class="battle-nickname" title="Ferrothorn">Whips don't lie</span> restored a little HP using its Leftovers!</small></div><h2 class="battle-history">Turn 11</h2><div class="chat message-error">ass grabbin has 135 seconds left.</div><div class="spacer battle-history"></div><div class="battle-history"><span class="battle-nickname" title="Ferrothorn">Whips don't lie</span>, come back!</div><div class="battle-history">Go! <span class="battle-nickname" title="Garchomp">Zygarde sux <small>(Garchomp)</small></span>!</div><div class="battle-history"><small>Pointed stones dug into <span class="battle-nickname" title="Garchomp">Zygarde sux</span>! </small></div><div class="spacer battle-history"></div><div class="battle-history"><small>The opposing <span class="battle-nickname-foe" title="Heatran">Heatran</span> surrounded itself with its Z-Power! </small></div><div class="battle-history"><small>The opposing <span class="battle-nickname-foe" title="Heatran">Heatran</span> unleashes its full-force Z-Move!</small></div><div class="battle-history">The opposing <span class="battle-nickname-foe" title="Heatran">Heatran</span> used <strong>Tectonic Rage</strong>!</div><div class="battle-history"><small><span class="battle-nickname" title="Garchomp">Zygarde sux</span> lost <abbr title="−201/357">56.3%</abbr> of its health!</small><br></div><h2 class="battle-history">Turn 12</h2><div class="chat message-error">harrisonharry has 135 seconds left.</div><div class="spacer battle-history"></div><div class="battle-history">harrisonharry withdrew Heatran!</div><div class="battle-history">harrisonharry sent out Zygarde!</div><div class="battle-history"><small>Pointed stones dug into the opposing <span class="battle-nickname-foe" title="Zygarde">Zygarde</span>! </small></div><div class="battle-history"><small>[Opposing <span class="battle-nickname-foe" title="Zygarde">Zygarde</span>'s Aura Break!]</small></div><div class="battle-history"><small>The opposing <span class="battle-nickname-foe" title="Zygarde">Zygarde</span> reversed all other Pokémon's auras!</small></div><div class="spacer battle-history"></div><div class="battle-history"><span class="battle-nickname" title="Garchomp">Zygarde sux</span> used <strong>Earthquake</strong>!</div><div class="battle-history"><small>The opposing <span class="battle-nickname-foe" title="Zygarde">Zygarde</span> lost 45% of its health!</small><br></div><h2 class="battle-history">Turn 13</h2><div class="chat message-error">ass grabbin has 135 seconds left.</div><div class="chat message-error">ass grabbin has 120 seconds left.</div><div class="spacer battle-history"></div><div class="battle-history">The opposing <span class="battle-nickname-foe" title="Zygarde">Zygarde</span> used <strong>Extreme Speed</strong>!</div><div class="battle-history"><small><span class="battle-nickname" title="Garchomp">Zygarde sux</span> lost <abbr title="−2/357">0.6%</abbr> of its health!</small><br></div><div class="battle-history"><small>[<span class="battle-nickname" title="Garchomp">Zygarde sux</span>'s Rough Skin!]</small></div><div class="battle-history"><small>The opposing <span class="battle-nickname-foe" title="Zygarde">Zygarde</span> was hurt! </small></div><div class="spacer battle-history"></div><div class="battle-history"><span class="battle-nickname" title="Garchomp">Zygarde sux</span> fainted!</div><div class="chat message-error">ass grabbin has 135 seconds left.</div><div class="spacer battle-history"></div><div class="battle-history">Go! <span class="battle-nickname" title="Greninja">Flexicution <small>(Greninja)</small></span>!</div><div class="battle-history"><small>Pointed stones dug into <span class="battle-nickname" title="Greninja">Flexicution</span>! </small></div><h2 class="battle-history">Turn 14</h2><div class="spacer battle-history"></div><div class="battle-history">harrisonharry withdrew Zygarde!</div><div class="battle-history">harrisonharry sent out Greninja!</div><div class="battle-history"><small>Pointed stones dug into the opposing <span class="battle-nickname-foe" title="Greninja">Greninja</span>! </small></div><div class="spacer battle-history"></div><div class="battle-history"><span class="battle-nickname" title="Greninja">Flexicution</span> used <strong>Dark Pulse</strong>!</div><div class="battle-history"><small>It's not very effective... <br></small><small>The opposing <span class="battle-nickname-foe" title="Greninja">Greninja</span> lost 45% of its health!</small><br></div><h2 class="battle-history">Turn 15</h2><div class="spacer battle-history"></div><div class="battle-history">harrisonharry withdrew Greninja!</div><div class="battle-history">harrisonharry sent out Heatran!</div><div class="battle-history"><small>Pointed stones dug into the opposing <span class="battle-nickname-foe" title="Heatran">Heatran</span>! </small></div><div class="spacer battle-history"></div><div class="battle-history"><span class="battle-nickname" title="Greninja">Flexicution</span>, come back!</div><div class="battle-history">Go! <span class="battle-nickname" title="Ferrothorn">Whips don't lie <small>(Ferrothorn)</small></span>!</div><div class="battle-history"><small>Pointed stones dug into <span class="battle-nickname" title="Ferrothorn">Whips don't lie</span>! </small></div><div class="spacer battle-history"></div><div class="battle-history"><small><span class="battle-nickname" title="Ferrothorn">Whips don't lie</span> restored a little HP using its Leftovers!</small></div><h2 class="battle-history">Turn 16</h2><div class="spacer battle-history"></div><div class="battle-history"><span class="battle-nickname" title="Ferrothorn">Whips don't lie</span>, come back!</div><div class="battle-history">Go! <span class="battle-nickname" title="Greninja">Flexicution <small>(Greninja)</small></span>!</div><div class="battle-history"><small>Pointed stones dug into <span class="battle-nickname" title="Greninja">Flexicution</span>! </small></div><div class="spacer battle-history"></div><div class="battle-history">The opposing <span class="battle-nickname-foe" title="Heatran">Heatran</span> is paralyzed! It can't move!</div><h2 class="battle-history">Turn 17</h2><div class="spacer battle-history"></div><div class="battle-history">harrisonharry withdrew Heatran!</div><div class="battle-history">harrisonharry sent out Venusaur!</div><div class="battle-history"><small>Pointed stones dug into the opposing <span class="battle-nickname-foe" title="Venusaur">Venusaur</span>! </small></div><div class="spacer battle-history"></div><div class="battle-history"><span class="battle-nickname" title="Greninja">Flexicution</span> used <strong>Dark Pulse</strong>!</div><div class="battle-history"><small>The opposing <span class="battle-nickname-foe" title="Venusaur">Venusaur</span> lost 37% of its health!</small><br></div><h2 class="battle-history">Turn 18</h2><div class="spacer battle-history"></div><div class="battle-history"><span class="battle-nickname" title="Greninja">Flexicution</span>, come back!</div><div class="battle-history">Go! <span class="battle-nickname" title="Ferrothorn">Whips don't lie <small>(Ferrothorn)</small></span>!</div><div class="battle-history"><small>Pointed stones dug into <span class="battle-nickname" title="Ferrothorn">Whips don't lie</span>! </small></div><div class="battle-history"><small>The opposing <span class="battle-nickname-foe" title="Venusaur">Venusaur</span>'s Venusaurite is reacting to the Key Stone!<br>The opposing <span class="battle-nickname-foe" title="Venusaur">Venusaur</span> has Mega Evolved into Mega Venusaur!</small></div><div class="spacer battle-history"></div><div class="battle-history">The opposing <span class="battle-nickname-foe" title="Venusaur-Mega">Venusaur</span> used <strong>Synthesis</strong>!</div><div class="battle-history"><small>The opposing <span class="battle-nickname-foe" title="Venusaur-Mega">Venusaur</span> restored its HP.</small></div><div class="spacer battle-history"></div><div class="battle-history"><small><span class="battle-nickname" title="Ferrothorn">Whips don't lie</span> restored a little HP using its Leftovers!</small></div><h2 class="battle-history">Turn 19</h2><div class="spacer battle-history"></div><div class="battle-history">harrisonharry withdrew <span class="battle-nickname-foe" title="Venusaur-Mega">Venusaur <small>(Venusaur-Mega)</small></span>!</div><div class="battle-history">harrisonharry sent out Heatran!</div><div class="battle-history"><small>Pointed stones dug into the opposing <span class="battle-nickname-foe" title="Heatran">Heatran</span>! </small></div><div class="spacer battle-history"></div><div class="battle-history"><span class="battle-nickname" title="Ferrothorn">Whips don't lie</span> used <strong>Thunder Wave</strong>!</div><div class="battle-history"><small>The opposing <span class="battle-nickname-foe" title="Heatran">Heatran</span> is already paralyzed.</small></div><div class="spacer battle-history"></div><div class="battle-history"><small><span class="battle-nickname" title="Ferrothorn">Whips don't lie</span> restored a little HP using its Leftovers!</small></div><h2 class="battle-history">Turn 20</h2><div class="spacer battle-history"></div><div class="battle-history"><span class="battle-nickname" title="Ferrothorn">Whips don't lie</span>, come back!</div><div class="battle-history">Go! <span class="battle-nickname" title="Nihilego">R34 Lusamine <small>(Nihilego)</small></span>!</div><div class="battle-history"><small>Pointed stones dug into <span class="battle-nickname" title="Nihilego">R34 Lusamine</span>! </small></div><div class="spacer battle-history"></div><div class="battle-history">The opposing <span class="battle-nickname-foe" title="Heatran">Heatran</span> used <strong>Magma Storm</strong>!</div><div class="battle-history"><small><span class="battle-nickname" title="Nihilego">R34 Lusamine</span> avoided the attack!</small></div><h2 class="battle-history">Turn 21</h2><div class="spacer battle-history"></div><div class="battle-history"><span class="battle-nickname" title="Nihilego">R34 Lusamine</span>, come back!</div><div class="battle-history">Go! <span class="battle-nickname" title="Zapdos">Bodak Yellow <small>(Zapdos)</small></span>!</div><div class="battle-history"><small>Pointed stones dug into <span class="battle-nickname" title="Zapdos">Bodak Yellow</span>! </small></div><div class="spacer battle-history"></div><div class="battle-history">harrisonharry withdrew Heatran!</div><div class="battle-history">harrisonharry sent out <span class="battle-nickname-foe" title="Venusaur-Mega">Venusaur <small>(Venusaur-Mega)</small></span>!</div><div class="battle-history"><small>Pointed stones dug into the opposing <span class="battle-nickname-foe" title="Venusaur-Mega">Venusaur</span>! </small></div><div class="spacer battle-history"></div><div class="battle-history"><small><span class="battle-nickname" title="Zapdos">Bodak Yellow</span> restored a little HP using its Leftovers!</small></div><h2 class="battle-history">Turn 22</h2><div class="spacer battle-history"></div><div class="battle-history"><span class="battle-nickname" title="Zapdos">Bodak Yellow</span>, come back!</div><div class="battle-history">Go! <span class="battle-nickname" title="Ferrothorn">Whips don't lie <small>(Ferrothorn)</small></span>!</div><div class="battle-history"><small>Pointed stones dug into <span class="battle-nickname" title="Ferrothorn">Whips don't lie</span>! </small></div><div class="spacer battle-history"></div><div class="battle-history">The opposing <span class="battle-nickname-foe" title="Venusaur-Mega">Venusaur</span> used <strong>Sludge Bomb</strong>!</div><div class="battle-history"><small>It doesn't affect <span class="battle-nickname" title="Ferrothorn">Whips don't lie</span>... </small></div><div class="spacer battle-history"></div><div class="battle-history"><small><span class="battle-nickname" title="Ferrothorn">Whips don't lie</span> restored a little HP using its Leftovers!</small></div><h2 class="battle-history">Turn 23</h2><div class="spacer battle-history"></div><div class="battle-history">The opposing <span class="battle-nickname-foe" title="Venusaur-Mega">Venusaur</span> used <strong>Earthquake</strong>!</div><div class="battle-history"><small><span class="battle-nickname" title="Ferrothorn">Whips don't lie</span> lost <abbr title="−55/352">15.6%</abbr> of its health!</small><br></div><div class="spacer battle-history"></div><div class="battle-history"><span class="battle-nickname" title="Ferrothorn">Whips don't lie</span> used <strong>Leech Seed</strong>!</div><div class="battle-history"><small>It doesn't affect the opposing <span class="battle-nickname-foe" title="Venusaur-Mega">Venusaur</span>... </small></div><div class="spacer battle-history"></div><div class="battle-history"><small><span class="battle-nickname" title="Ferrothorn">Whips don't lie</span> restored a little HP using its Leftovers!</small></div><h2 class="battle-history">Turn 24</h2><div class="spacer battle-history"></div><div class="battle-history">harrisonharry withdrew <span class="battle-nickname-foe" title="Venusaur-Mega">Venusaur <small>(Venusaur-Mega)</small></span>!</div><div class="battle-history">harrisonharry sent out Heatran!</div><div class="battle-history"><small>Pointed stones dug into the opposing <span class="battle-nickname-foe" title="Heatran">Heatran</span>! </small></div><div class="spacer battle-history"></div><div class="battle-history"><span class="battle-nickname" title="Ferrothorn">Whips don't lie</span> used <strong>Thunder Wave</strong>!</div><div class="battle-history"><small>The opposing <span class="battle-nickname-foe" title="Heatran">Heatran</span> is already paralyzed.</small></div><div class="spacer battle-history"></div><div class="battle-history"><small><span class="battle-nickname" title="Ferrothorn">Whips don't lie</span> restored a little HP using its Leftovers!</small></div><h2 class="battle-history">Turn 25</h2><div class="chat message-error">ass grabbin has 135 seconds left.</div><div class="chat"><div class="infobox">Pokémon Showdown! damage calculator. (Courtesy of Honko)<br>- <a href="https://pokemonshowdown.com/damagecalc/" target="_blank" rel="noopener">Damage Calculator</a></div></div><div class="chat message-error">ass grabbin has 120 seconds left.</div><div class="spacer battle-history"></div><div class="battle-history"><span class="battle-nickname" title="Ferrothorn">Whips don't lie</span>, come back!</div><div class="battle-history">Go! <span class="battle-nickname" title="Greninja">Flexicution <small>(Greninja)</small></span>!</div><div class="battle-history"><small>Pointed stones dug into <span class="battle-nickname" title="Greninja">Flexicution</span>! </small></div><div class="spacer battle-history"></div><div class="battle-history">The opposing <span class="battle-nickname-foe" title="Heatran">Heatran</span> used <strong>Earth Power</strong>!</div><div class="battle-history"><small><span class="battle-nickname" title="Greninja">Flexicution</span> lost <abbr title="−116/285">40.7%</abbr> of its health!</small><br></div><h2 class="battle-history">Turn 26</h2><div class="spacer battle-history"></div><div class="battle-history">harrisonharry withdrew Heatran!</div><div class="battle-history">harrisonharry sent out <span class="battle-nickname-foe" title="Venusaur-Mega">Venusaur <small>(Venusaur-Mega)</small></span>!</div><div class="battle-history"><small>Pointed stones dug into the opposing <span class="battle-nickname-foe" title="Venusaur-Mega">Venusaur</span>! </small></div><div class="spacer battle-history"></div><div class="battle-history"><span class="battle-nickname" title="Greninja">Flexicution</span> used <strong>Dark Pulse</strong>!</div><div class="battle-history"><small>The opposing <span class="battle-nickname-foe" title="Venusaur-Mega">Venusaur</span> lost 33% of its health!</small><br></div><h2 class="battle-history">Turn 27</h2><div class="spacer battle-history"></div><div class="battle-history"><span class="battle-nickname" title="Greninja">Flexicution</span> used <strong>Dark Pulse</strong>!</div><div class="battle-history"><small>The opposing <span class="battle-nickname-foe" title="Venusaur-Mega">Venusaur</span> lost 31% of its health!</small><br></div><div class="spacer battle-history"></div><div class="battle-history">The opposing <span class="battle-nickname-foe" title="Venusaur-Mega">Venusaur</span> used <strong>Synthesis</strong>!</div><div class="battle-history"><small>The opposing <span class="battle-nickname-foe" title="Venusaur-Mega">Venusaur</span> restored its HP.</small></div><h2 class="battle-history">Turn 28</h2><div class="spacer battle-history"></div><div class="battle-history"><span class="battle-nickname" title="Greninja">Flexicution</span>, come back!</div><div class="battle-history">Go! <span class="battle-nickname" title="Ferrothorn">Whips don't lie <small>(Ferrothorn)</small></span>!</div><div class="battle-history"><small>Pointed stones dug into <span class="battle-nickname" title="Ferrothorn">Whips don't lie</span>! </small></div><div class="spacer battle-history"></div><div class="battle-history">The opposing <span class="battle-nickname-foe" title="Venusaur-Mega">Venusaur</span> used <strong>Sludge Bomb</strong>!</div><div class="battle-history"><small>It doesn't affect <span class="battle-nickname" title="Ferrothorn">Whips don't lie</span>... </small></div><div class="spacer battle-history"></div><div class="battle-history"><small><span class="battle-nickname" title="Ferrothorn">Whips don't lie</span> restored a little HP using its Leftovers!</small></div><h2 class="battle-history">Turn 29</h2><div class="spacer battle-history"></div><div class="battle-history">The opposing <span class="battle-nickname-foe" title="Venusaur-Mega">Venusaur</span> used <strong>Synthesis</strong>!</div><div class="battle-history"><small>The opposing <span class="battle-nickname-foe" title="Venusaur-Mega">Venusaur</span> restored its HP.</small></div><div class="spacer battle-history"></div><div class="battle-history"><span class="battle-nickname" title="Ferrothorn">Whips don't lie</span> used <strong>Leech Seed</strong>!</div><div class="battle-history"><small>It doesn't affect the opposing <span class="battle-nickname-foe" title="Venusaur-Mega">Venusaur</span>... </small></div><div class="spacer battle-history"></div><div class="battle-history"><small><span class="battle-nickname" title="Ferrothorn">Whips don't lie</span> restored a little HP using its Leftovers!</small></div><h2 class="battle-history">Turn 30</h2><div class="spacer battle-history"></div><div class="battle-history">harrisonharry withdrew <span class="battle-nickname-foe" title="Venusaur-Mega">Venusaur <small>(Venusaur-Mega)</small></span>!</div><div class="battle-history">harrisonharry sent out Heatran!</div><div class="battle-history"><small>Pointed stones dug into the opposing <span class="battle-nickname-foe" title="Heatran">Heatran</span>! </small></div><div class="spacer battle-history"></div><div class="battle-history"><span class="battle-nickname" title="Ferrothorn">Whips don't lie</span> used <strong>Leech Seed</strong>!</div><div class="battle-history"><small>The opposing <span class="battle-nickname-foe" title="Heatran">Heatran</span> was seeded!</small></div><div class="spacer battle-history"></div><div class="battle-history"><small><span class="battle-nickname" title="Ferrothorn">Whips don't lie</span> restored a little HP using its Leftovers!</small></div><div class="battle-history"><small>The opposing <span class="battle-nickname-foe" title="Heatran">Heatran</span>'s health is sapped by Leech Seed! </small></div><h2 class="battle-history">Turn 31</h2><div class="spacer battle-history"></div><div class="battle-history"><span class="battle-nickname" title="Ferrothorn">Whips don't lie</span>, come back!</div><div class="battle-history">Go! <span class="battle-nickname" title="Nihilego">R34 Lusamine <small>(Nihilego)</small></span>!</div><div class="battle-history"><small>Pointed stones dug into <span class="battle-nickname" title="Nihilego">R34 Lusamine</span>! </small></div><div class="spacer battle-history"></div><div class="battle-history">The opposing <span class="battle-nickname-foe" title="Heatran">Heatran</span> used <strong>Earth Power</strong>!</div><div class="battle-history"><small>It's super effective! <br></small><small><span class="battle-nickname" title="Nihilego">R34 Lusamine</span> lost <abbr title="−260/360">72.2%</abbr> of its health!</small><br></div><div class="spacer battle-history"></div><div class="battle-history"><small>The opposing <span class="battle-nickname-foe" title="Heatran">Heatran</span>'s health is sapped by Leech Seed! </small></div><h2 class="battle-history">Turn 32</h2><div class="spacer battle-history"></div><div class="battle-history">harrisonharry withdrew Heatran!</div><div class="battle-history">harrisonharry sent out <span class="battle-nickname-foe" title="Venusaur-Mega">Venusaur <small>(Venusaur-Mega)</small></span>!</div><div class="battle-history"><small>Pointed stones dug into the opposing <span class="battle-nickname-foe" title="Venusaur-Mega">Venusaur</span>! </small></div><div class="spacer battle-history"></div><div class="battle-history"><span class="battle-nickname" title="Nihilego">R34 Lusamine</span> used <strong>Power Gem</strong>!</div><div class="battle-history"><small>The opposing <span class="battle-nickname-foe" title="Venusaur-Mega">Venusaur</span> lost 27% of its health!</small><br></div><h2 class="battle-history">Turn 33</h2><div class="spacer battle-history"></div><div class="battle-history"><span class="battle-nickname" title="Nihilego">R34 Lusamine</span>, come back!</div><div class="battle-history">Go! <span class="battle-nickname" title="Scizor">Swords Dance <small>(Scizor)</small></span>!</div><div class="battle-history"><small>Pointed stones dug into <span class="battle-nickname" title="Scizor">Swords Dance</span>! </small></div><div class="spacer battle-history"></div><div class="battle-history">The opposing <span class="battle-nickname-foe" title="Venusaur-Mega">Venusaur</span> used <strong>Synthesis</strong>!</div><div class="battle-history"><small>The opposing <span class="battle-nickname-foe" title="Venusaur-Mega">Venusaur</span> restored its HP.</small></div><h2 class="battle-history">Turn 34</h2><div class="chat message-error">harrisonharry has 135 seconds left.</div><div class="spacer battle-history"></div><div class="battle-history">harrisonharry withdrew <span class="battle-nickname-foe" title="Venusaur-Mega">Venusaur <small>(Venusaur-Mega)</small></span>!</div><div class="battle-history">harrisonharry sent out Celesteela!</div><div class="battle-history"><small>Pointed stones dug into the opposing <span class="battle-nickname-foe" title="Celesteela">Celesteela</span>! </small></div><div class="battle-history"><small><span class="battle-nickname" title="Scizor">Swords Dance</span>'s Scizorite is reacting to the Key Stone!<br><span class="battle-nickname" title="Scizor">Swords Dance</span> has Mega Evolved into Mega Scizor!</small></div><div class="spacer battle-history"></div><div class="battle-history"><span class="battle-nickname" title="Scizor-Mega">Swords Dance</span> used <strong>Knock Off</strong>!</div><div class="battle-history"><small>The opposing <span class="battle-nickname-foe" title="Celesteela">Celesteela</span> lost 28% of its health!</small><br></div><div class="battle-history"><small><span class="battle-nickname" title="Scizor-Mega">Swords Dance</span> knocked off the opposing <span class="battle-nickname-foe" title="Celesteela">Celesteela</span>'s Leftovers!</small></div><h2 class="battle-history">Turn 35</h2><div class="spacer battle-history"></div><div class="battle-history"><span class="battle-nickname" title="Scizor-Mega">Swords Dance</span>, come back!</div><div class="battle-history">Go! <span class="battle-nickname" title="Ferrothorn">Whips don't lie <small>(Ferrothorn)</small></span>!</div><div class="battle-history"><small>Pointed stones dug into <span class="battle-nickname" title="Ferrothorn">Whips don't lie</span>! </small></div><div class="spacer battle-history"></div><div class="battle-history">The opposing <span class="battle-nickname-foe" title="Celesteela">Celesteela</span> used <strong>Leech Seed</strong>!</div><div class="battle-history"><small>It doesn't affect <span class="battle-nickname" title="Ferrothorn">Whips don't lie</span>... </small></div><div class="spacer battle-history"></div><div class="battle-history"><small><span class="battle-nickname" title="Ferrothorn">Whips don't lie</span> restored a little HP using its Leftovers!</small></div><h2 class="battle-history">Turn 36</h2><div class="spacer battle-history"></div><div class="battle-history">The opposing <span class="battle-nickname-foe" title="Celesteela">Celesteela</span> used <strong>Flamethrower</strong>!</div><div class="battle-history"><small>It's super effective! <br></small><small><span class="battle-nickname" title="Ferrothorn">Whips don't lie</span> lost <abbr title="−232/352">65.9%</abbr> of its health!</small><br></div><div class="spacer battle-history"></div><div class="battle-history"><span class="battle-nickname" title="Ferrothorn">Whips don't lie</span> used <strong>Thunder Wave</strong>!</div><div class="battle-history"><small>The opposing <span class="battle-nickname-foe" title="Celesteela">Celesteela</span> is paralyzed! It may be unable to move!</small></div><div class="spacer battle-history"></div><div class="battle-history"><small><span class="battle-nickname" title="Ferrothorn">Whips don't lie</span> restored a little HP using its Leftovers!</small></div><h2 class="battle-history">Turn 37</h2><div class="spacer battle-history"></div><div class="battle-history"><span class="battle-nickname" title="Ferrothorn">Whips don't lie</span> used <strong>Leech Seed</strong>!</div><div class="battle-history"><small>The opposing <span class="battle-nickname-foe" title="Celesteela">Celesteela</span> was seeded!</small></div><div class="spacer battle-history"></div><div class="battle-history">The opposing <span class="battle-nickname-foe" title="Celesteela">Celesteela</span> is paralyzed! It can't move!</div><div class="spacer battle-history"></div><div class="battle-history"><small><span class="battle-nickname" title="Ferrothorn">Whips don't lie</span> restored a little HP using its Leftovers!</small></div><div class="battle-history"><small>The opposing <span class="battle-nickname-foe" title="Celesteela">Celesteela</span>'s health is sapped by Leech Seed! </small></div><h2 class="battle-history">Turn 38</h2><div class="spacer battle-history"></div><div class="battle-history"><span class="battle-nickname" title="Ferrothorn">Whips don't lie</span> used <strong>Leech Seed</strong>!</div><div class="battle-history"><small>The opposing <span class="battle-nickname-foe" title="Celesteela">Celesteela</span> avoided the attack!</small></div><div class="spacer battle-history"></div><div class="battle-history">The opposing <span class="battle-nickname-foe" title="Celesteela">Celesteela</span> used <strong>Flamethrower</strong>!</div><div class="battle-history"><small>It's super effective! <br></small><small><span class="battle-nickname" title="Ferrothorn">Whips don't lie</span> lost <abbr title="−212/352">60.2%</abbr> of its health!</small><br></div><div class="spacer battle-history"></div><div class="battle-history"><small><span class="battle-nickname" title="Ferrothorn">Whips don't lie</span> restored a little HP using its Leftovers!</small></div><div class="battle-history"><small>The opposing <span class="battle-nickname-foe" title="Celesteela">Celesteela</span>'s health is sapped by Leech Seed! </small></div><h2 class="battle-history">Turn 39</h2><div class="spacer battle-history"></div><div class="battle-history"><span class="battle-nickname" title="Ferrothorn">Whips don't lie</span> used <strong>Leech Seed</strong>!</div><div class="battle-history"><small>But it failed!</small></div><div class="spacer battle-history"></div><div class="battle-history">The opposing <span class="battle-nickname-foe" title="Celesteela">Celesteela</span> used <strong>Flamethrower</strong>!</div><div class="battle-history"><small>It's super effective! <br></small><small><span class="battle-nickname" title="Ferrothorn">Whips don't lie</span> lost <abbr title="−72/352">20.5%</abbr> of its health!</small><br></div><div class="spacer battle-history"></div><div class="battle-history"><span class="battle-nickname" title="Ferrothorn">Whips don't lie</span> fainted!</div><div class="battle-history"><small>[Opposing <span class="battle-nickname-foe" title="Celesteela">Celesteela</span>'s Beast Boost!]</small></div><div class="battle-history"><small>The opposing <span class="battle-nickname-foe" title="Celesteela">Celesteela</span>'s Special Defense rose! </small></div><div class="spacer battle-history"></div><div class="battle-history">Go! <span class="battle-nickname" title="Greninja">Flexicution <small>(Greninja)</small></span>!</div><div class="battle-history"><small>Pointed stones dug into <span class="battle-nickname" title="Greninja">Flexicution</span>! </small></div><h2 class="battle-history">Turn 40</h2><div class="chat message-error">harrisonharry has 135 seconds left.</div><div class="spacer battle-history"></div><div class="battle-history"><span class="battle-nickname" title="Greninja">Flexicution</span> used <strong>Spikes</strong>!</div><div class="battle-history"><small>Spikes were scattered on the ground all around the opposing team!</small></div><div class="spacer battle-history"></div><div class="battle-history">The opposing <span class="battle-nickname-foe" title="Celesteela">Celesteela</span> is paralyzed! It can't move!</div><div class="spacer battle-history"></div><div class="battle-history"><small>The opposing <span class="battle-nickname-foe" title="Celesteela">Celesteela</span>'s health is sapped by Leech Seed! </small></div><div class="spacer battle-history"></div><div class="battle-history">The opposing <span class="battle-nickname-foe" title="Celesteela">Celesteela</span> fainted!</div><div class="chat"><small> fatenero joined.</small></div><div class="chat message-error">harrisonharry has 135 seconds left.</div><div class="spacer battle-history"></div><div class="battle-history">harrisonharry sent out Zygarde!</div><div class="battle-history"><small>The opposing <span class="battle-nickname-foe" title="Zygarde">Zygarde</span> is hurt by the spikes! </small></div><div class="battle-history"><small>Pointed stones dug into the opposing <span class="battle-nickname-foe" title="Zygarde">Zygarde</span>! </small></div><div class="battle-history"><small>[Opposing <span class="battle-nickname-foe" title="Zygarde">Zygarde</span>'s Aura Break!]</small></div><div class="battle-history"><small>The opposing <span class="battle-nickname-foe" title="Zygarde">Zygarde</span> reversed all other Pokémon's auras!</small></div><h2 class="battle-history">Turn 41</h2><div class="spacer battle-history"></div><div class="battle-history"><span class="battle-nickname" title="Greninja">Flexicution</span> used <strong>Spikes</strong>!</div><div class="battle-history"><small>Spikes were scattered on the ground all around the opposing team!</small></div><div class="spacer battle-history"></div><div class="battle-history">The opposing <span class="battle-nickname-foe" title="Zygarde">Zygarde</span> used <strong>Thousand Arrows</strong>!</div><div class="battle-history"><small>A critical hit! <br></small><small><span class="battle-nickname" title="Greninja">Flexicution</span> lost <abbr title="−35/285">12.3%</abbr> of its health!</small><br></div><div class="spacer battle-history"></div><div class="battle-history"><span class="battle-nickname" title="Greninja">Flexicution</span> fainted!</div><div class="spacer battle-history"></div><div class="battle-history">Go! <span class="battle-nickname" title="Scizor-Mega">Swords Dance <small>(Scizor-Mega)</small></span>!</div><div class="battle-history"><small>Pointed stones dug into <span class="battle-nickname" title="Scizor-Mega">Swords Dance</span>! </small></div><h2 class="battle-history">Turn 42</h2><div class="chat message-error">harrisonharry has 135 seconds left.</div><div class="chat message-error">harrisonharry has 120 seconds left.</div><div class="spacer battle-history"></div><div class="battle-history"><span class="battle-nickname" title="Scizor-Mega">Swords Dance</span> used <strong>Bullet Punch</strong>!</div><div class="battle-history"><small>The opposing <span class="battle-nickname-foe" title="Zygarde">Zygarde</span> lost 18% of its health!</small><br></div><div class="spacer battle-history"></div><div class="battle-history">The opposing <span class="battle-nickname-foe" title="Zygarde">Zygarde</span> fainted!</div><div class="spacer battle-history"></div><div class="battle-history">harrisonharry sent out <span class="battle-nickname-foe" title="Venusaur-Mega">Venusaur <small>(Venusaur-Mega)</small></span>!</div><div class="battle-history"><small>Pointed stones dug into the opposing <span class="battle-nickname-foe" title="Venusaur-Mega">Venusaur</span>! </small></div><div class="battle-history"><small>The opposing <span class="battle-nickname-foe" title="Venusaur-Mega">Venusaur</span> is hurt by the spikes! </small></div><h2 class="battle-history">Turn 43</h2><div class="spacer battle-history"></div><div class="battle-history"><span class="battle-nickname" title="Scizor-Mega">Swords Dance</span> used <strong>Swords Dance</strong>!</div><div class="battle-history"><small><span class="battle-nickname" title="Scizor-Mega">Swords Dance</span>'s Attack rose sharply! </small></div><div class="spacer battle-history"></div><div class="battle-history">The opposing <span class="battle-nickname-foe" title="Venusaur-Mega">Venusaur</span> used <strong>Leech Seed</strong>!</div><div class="battle-history"><small><span class="battle-nickname" title="Scizor-Mega">Swords Dance</span> was seeded!</small></div><div class="spacer battle-history"></div><div class="battle-history"><small><span class="battle-nickname" title="Scizor-Mega">Swords Dance</span>'s health is sapped by Leech Seed! </small></div><h2 class="battle-history">Turn 44</h2><div class="spacer battle-history"></div><div class="battle-history"><span class="battle-nickname" title="Scizor-Mega">Swords Dance</span> used <strong>Swords Dance</strong>!</div><div class="battle-history"><small><span class="battle-nickname" title="Scizor-Mega">Swords Dance</span>'s Attack rose sharply! </small></div><div class="spacer battle-history"></div><div class="battle-history">The opposing <span class="battle-nickname-foe" title="Venusaur-Mega">Venusaur</span> used <strong>Earthquake</strong>!</div><div class="battle-history"><small><span class="battle-nickname" title="Scizor-Mega">Swords Dance</span> lost <abbr title="−55/344">16.0%</abbr> of its health!</small><br></div><div class="spacer battle-history"></div><div class="battle-history"><small><span class="battle-nickname" title="Scizor-Mega">Swords Dance</span>'s health is sapped by Leech Seed! </small></div><h2 class="battle-history">Turn 45</h2><div class="spacer battle-history"></div><div class="battle-history"><span class="battle-nickname" title="Scizor-Mega">Swords Dance</span> used <strong>Roost</strong>!</div><div class="battle-history"><small><span class="battle-nickname" title="Scizor-Mega">Swords Dance</span> restored its HP.</small></div><div class="spacer battle-history"></div><div class="battle-history">The opposing <span class="battle-nickname-foe" title="Venusaur-Mega">Venusaur</span> used <strong>Earthquake</strong>!</div><div class="battle-history"><small><span class="battle-nickname" title="Scizor-Mega">Swords Dance</span> lost <abbr title="−56/344">16.3%</abbr> of its health!</small><br></div><div class="spacer battle-history"></div><div class="battle-history"><small><span class="battle-nickname" title="Scizor-Mega">Swords Dance</span>'s health is sapped by Leech Seed! </small></div><h2 class="battle-history">Turn 46</h2><div class="chat message-error">harrisonharry has 135 seconds left.</div><div class="spacer battle-history"></div><div class="battle-history"><span class="battle-nickname" title="Scizor-Mega">Swords Dance</span> used <strong>Roost</strong>!</div><div class="battle-history"><small><span class="battle-nickname" title="Scizor-Mega">Swords Dance</span> restored its HP.</small></div><div class="spacer battle-history"></div><div class="battle-history">The opposing <span class="battle-nickname-foe" title="Venusaur-Mega">Venusaur</span> used <strong>Earthquake</strong>!</div><div class="battle-history"><small><span class="battle-nickname" title="Scizor-Mega">Swords Dance</span> lost <abbr title="−54/344">15.7%</abbr> of its health!</small><br></div><div class="spacer battle-history"></div><div class="battle-history"><small><span class="battle-nickname" title="Scizor-Mega">Swords Dance</span>'s health is sapped by Leech Seed! </small></div><h2 class="battle-history">Turn 47</h2><div class="spacer battle-history"></div><div class="battle-history"><span class="battle-nickname" title="Scizor-Mega">Swords Dance</span> used <strong>Swords Dance</strong>!</div><div class="battle-history"><small><span class="battle-nickname" title="Scizor-Mega">Swords Dance</span>'s Attack rose sharply! </small></div><div class="spacer battle-history"></div><div class="battle-history">The opposing <span class="battle-nickname-foe" title="Venusaur-Mega">Venusaur</span> used <strong>Earthquake</strong>!</div><div class="battle-history"><small><span class="battle-nickname" title="Scizor-Mega">Swords Dance</span> lost <abbr title="−60/344">17.4%</abbr> of its health!</small><br></div><div class="spacer battle-history"></div><div class="battle-history"><small><span class="battle-nickname" title="Scizor-Mega">Swords Dance</span>'s health is sapped by Leech Seed! </small></div><h2 class="battle-history">Turn 48</h2><div class="spacer battle-history"></div><div class="battle-history"><span class="battle-nickname" title="Scizor-Mega">Swords Dance</span> used <strong>Roost</strong>!</div><div class="battle-history"><small><span class="battle-nickname" title="Scizor-Mega">Swords Dance</span> restored its HP.</small></div><div class="spacer battle-history"></div><div class="battle-history">The opposing <span class="battle-nickname-foe" title="Venusaur-Mega">Venusaur</span> used <strong>Earthquake</strong>!</div><div class="battle-history"><small><span class="battle-nickname" title="Scizor-Mega">Swords Dance</span> lost <abbr title="−64/344">18.6%</abbr> of its health!</small><br></div><div class="spacer battle-history"></div><div class="battle-history"><small><span class="battle-nickname" title="Scizor-Mega">Swords Dance</span>'s health is sapped by Leech Seed! </small></div><h2 class="battle-history">Turn 49</h2><div class="spacer battle-history"></div><div class="battle-history"><span class="battle-nickname" title="Scizor-Mega">Swords Dance</span> used <strong>Bullet Punch</strong>!</div><div class="battle-history"><small>The opposing <span class="battle-nickname-foe" title="Venusaur-Mega">Venusaur</span> lost 100% of its health!</small><br></div><div class="spacer battle-history"></div><div class="battle-history">The opposing <span class="battle-nickname-foe" title="Venusaur-Mega">Venusaur</span> fainted!</div><div class="chat message-error">harrisonharry has 135 seconds left.</div><div class="spacer battle-history"></div><div class="battle-history">harrisonharry sent out Greninja!</div><div class="battle-history"><small>The opposing <span class="battle-nickname-foe" title="Greninja">Greninja</span> is hurt by the spikes! </small></div><div class="battle-history"><small>Pointed stones dug into the opposing <span class="battle-nickname-foe" title="Greninja">Greninja</span>! </small></div><h2 class="battle-history">Turn 50</h2><div class="chat"><div class="ladder"><table><tbody><tr><td colspan="8">User: <strong>harrisonharry</strong></td></tr><tr><th>Format</th><th><abbr title="Elo rating">Elo</abbr></th><th><abbr title="user's percentage chance of winning a random battle (aka GLIXARE)">GXE</abbr></th><th><abbr title="Glicko-1 rating: rating±deviation">Glicko-1</abbr></th><th>W</th><th>L</th><th>Total</th></tr><tr><td>[Gen 3] OU</td><td><strong>1132</strong></td><td>–</td><td><span><em>1594<small> ± 107</small></em> <small>(provisional)</small></span></td><td>4</td><td>1</td><td>5</td></tr><tr><td>[Gen 4] OU</td><td><strong>1405</strong></td><td>76<small>.5%</small></td><td><em>1725<small> ± 56</small></em></td><td>123</td><td>54</td><td>177</td></tr><tr><td>[Gen 5] OU</td><td><strong>1347</strong></td><td>81<small>.0%</small></td><td><em>1775<small> ± 48</small></em></td><td>137</td><td>47</td><td>184</td></tr><tr><td>[Gen 6] OU</td><td><strong>1500</strong></td><td>81<small>.8%</small></td><td><em>1788<small> ± 61</small></em></td><td>68</td><td>28</td><td>96</td></tr><tr><td>gen6ounoteampreview</td><td><strong>1045</strong></td><td>–</td><td><span><em>1541<small> ± 123</small></em> <small>(provisional)</small></span></td><td>1</td><td>0</td><td>1</td></tr><tr><td>[Gen 7] Almost Any Ability</td><td><strong>1000</strong></td><td>–</td><td><span><em>1460<small> ± 123</small></em> <small>(provisional)</small></span></td><td>0</td><td>1</td><td>1</td></tr><tr><td>[Gen 7] BSS Factory</td><td><strong>1093</strong></td><td>–</td><td><span><em>1574<small> ± 116</small></em> <small>(provisional)</small></span></td><td>2</td><td>0</td><td>2</td></tr><tr><td>[Gen 7] Mix and Mega</td><td><strong>1471</strong></td><td>87<small>.1%</small></td><td><em>1873<small> ± 96</small></em></td><td>41</td><td>3</td><td>44</td></tr><tr><td>[Gen 7] Monotype</td><td><strong>1316</strong></td><td>73<small>.9%</small></td><td><em>1700<small> ± 73</small></em></td><td>16</td><td>4</td><td>20</td></tr><tr><td>[Gen 7] OU</td><td><strong>1891</strong></td><td>82<small>.8%</small></td><td><em>1796<small> ± 27</small></em></td><td>1377</td><td>973</td><td>2351</td></tr><tr><td>[Gen 7] Random Battle</td><td><strong>2018</strong></td><td>85<small>.0%</small></td><td><em>1827<small> ± 33</small></em></td><td>145</td><td>81</td><td>226</td></tr><tr><td>[Gen 7] RU</td><td><strong>1080</strong></td><td>–</td><td><span><em>1565<small> ± 117</small></em> <small>(provisional)</small></span></td><td>2</td><td>0</td><td>2</td></tr><tr><td>[Gen 7] STABmons</td><td><strong>1312</strong></td><td>–</td><td><span><em>1668<small> ± 127</small></em> <small>(provisional)</small></span></td><td>23</td><td>10</td><td>33</td></tr><tr><td>[Gen 7] Ubers</td><td><strong>1527</strong></td><td>83<small>.2%</small></td><td><em>1802<small> ± 35</small></em></td><td>360</td><td>196</td><td>556</td></tr><tr><td>[Gen 7] UU</td><td><strong>1323</strong></td><td>69<small>.8%</small></td><td><em>1661<small> ± 73</small></em></td><td>15</td><td>4</td><td>19</td></tr><tr><td>ou</td><td><strong>1045</strong></td><td>–</td><td><span><em>1500<small> ± 117</small></em> <small>(provisional)</small></span></td><td>1</td><td>1</td><td>2</td></tr></tbody></table></div></div><div class="spacer battle-history"></div><div class="battle-history"><span class="battle-nickname" title="Scizor-Mega">Swords Dance</span> used <strong>Bullet Punch</strong>!</div><div class="battle-history"><small>It's not very effective... <br></small><small>The opposing <span class="battle-nickname-foe" title="Greninja">Greninja</span> lost 2% of its health!</small><br></div><div class="spacer battle-history"></div><div class="battle-history">The opposing <span class="battle-nickname-foe" title="Greninja">Greninja</span> fainted!</div><div class="spacer battle-history"></div><div class="battle-history">harrisonharry sent out Heatran!</div><div class="battle-history"><small>The opposing <span class="battle-nickname-foe" title="Heatran">Heatran</span> is hurt by the spikes! </small></div><div class="spacer battle-history"></div><div class="battle-history">The opposing <span class="battle-nickname-foe" title="Heatran">Heatran</span> fainted!</div><div class="spacer battle-history"></div><div class="battle-history">ass grabbin won the battle!</div><div class="chat">Ladder updating...</div><div class="chat">harrisonharry's rating: 1905 → <strong>1880</strong><br>(-25 for losing)</div><div class="chat">ass grabbin's rating: 1815 → <strong>1840</strong><br>(+25 for winning)</div><div class="chat"><small>☆harrisonharry left.</small></div><div class="chat"><small> alvaro_goudinho left.</small></div></div></div>
</div>
<script>
var daily = Math.floor(Date.now()/1000/60/60/24);document.write('<script src="https://play.pokemonshowdown.com/js/replay-embed.js?version'+daily+'"></'+'script>');
</script>
