<!DOCTYPE html>
<meta charset="utf-8" />
<!-- version 1 -->
<title>[Gen 7] OU replay: ass grabbin vs. toothchipper</title>
<style>
html,body {font-family:Verdana, sans-serif;font-size:10pt;margin:0;padding:0;}body{padding:12px 0;} .battle-log {font-family:Verdana, sans-serif;font-size:10pt;} .battle-log-inline {border:1px solid #AAAAAA;background:#EEF2F5;color:black;max-width:640px;margin:0 auto 80px;padding-bottom:5px;} .battle-log .inner {padding:4px 8px 0px 8px;} .battle-log .inner-preempt {padding:0 8px 4px 8px;} .battle-log .inner-after {margin-top:0.5em;} .battle-log h2 {margin:0.5em -8px;padding:4px 8px;border:1px solid #AAAAAA;background:#E0E7EA;border-left:0;border-right:0;font-family:Verdana, sans-serif;font-size:13pt;} .battle-log .chat {vertical-align:middle;padding:3px 0 3px 0;font-size:8pt;} .battle-log .chat strong {color:#40576A;} .battle-log .chat em {padding:1px 4px 1px 3px;color:#000000;font-style:normal;} .chat.mine {background:rgba(0,0,0,0.05);margin-left:-8px;margin-right:-8px;padding-left:8px;padding-right:8px;} .spoiler {color:#BBBBBB;background:#BBBBBB;padding:0px 3px;} .spoiler:hover, .spoiler:active, .spoiler-shown {color:#000000;background:#E2E2E2;padding:0px 3px;} .spoiler a {color:#BBBBBB;} .spoiler:hover a, .spoiler:active a, .spoiler-shown a {color:#2288CC;} .chat code, .chat .spoiler:hover code, .chat .spoiler:active code, .chat .spoiler-shown code {border:1px solid #C0C0C0;background:#EEEEEE;color:black;padding:0 2px;} .chat .spoiler code {border:1px solid #CCCCCC;background:#CCCCCC;color:#CCCCCC;} .battle-log .rated {padding:3px 4px;} .battle-log .rated strong {color:white;background:#89A;padding:1px 4px;border-radius:4px;} .spacer {margin-top:0.5em;} .message-announce {background:#6688AA;color:white;padding:1px 4px 2px;} .message-announce a, .broadcast-green a, .broadcast-blue a, .broadcast-red a {color:#DDEEFF;} .broadcast-green {background-color:#559955;color:white;padding:2px 4px;} .broadcast-blue {background-color:#6688AA;color:white;padding:2px 4px;} .infobox {border:1px solid #6688AA;padding:2px 4px;} .infobox-limited {max-height:200px;overflow:auto;overflow-x:hidden;} .broadcast-red {background-color:#AA5544;color:white;padding:2px 4px;} .message-learn-canlearn {font-weight:bold;color:#228822;text-decoration:underline;} .message-learn-cannotlearn {font-weight:bold;color:#CC2222;text-decoration:underline;} .message-effect-weak {font-weight:bold;color:#CC2222;} .message-effect-resist {font-weight:bold;color:#6688AA;} .message-effect-immune {font-weight:bold;color:#666666;} .message-learn-list {margin-top:0;margin-bottom:0;} .message-throttle-notice, .message-error {color:#992222;} .message-overflow, .chat small.message-overflow {font-size:0pt;} .message-overflow::before {font-size:9pt;content:'...';} .subtle {color:#3A4A66;}
</style>
<div class="wrapper replay-wrapper" style="max-width:1180px;margin:0 auto">
<input type="hidden" name="replayid" value="gen7ou-738591613" />
<div class="battle"></div><div class="battle-log"></div><div class="replay-controls"></div><div class="replay-controls-2"></div>
<h1 style="font-weight:normal;text-align:center"><strong>[Gen 7] OU</strong><br /><a href="http://pokemonshowdown.com/users/assgrabbin" class="subtle" target="_blank">ass grabbin</a> vs. <a href="http://pokemonshowdown.com/users/toothchipper" class="subtle" target="_blank">toothchipper</a></h1>
<script type="text/plain" class="battle-log-data">|j|☆ass grabbin


|j|☆toothchipper



|player|p1|ass grabbin|70



|player|p2|toothchipper|98
|teamsize|p1|6
|teamsize|p2|6
|gametype|singles
|gen|7
|tier|[Gen 7] OU
|rated|
|seed|
|rule|Sleep Clause Mod: Limit one foe put to sleep
|rule|Species Clause: Limit one of each Pokémon
|rule|OHKO Clause: OHKO moves are banned
|rule|Moody Clause: Moody is banned
|rule|Evasion Moves Clause: Evasion moves are banned
|rule|Endless Battle Clause: Forcing endless battles is banned
|rule|HP Percentage Mod: HP is shown in percentages
|clearpoke
|poke|p1|Zapdos|item
|poke|p1|Garchomp, F|item
|poke|p1|Greninja, M|item
|poke|p1|Nihilego|item
|poke|p1|Ferrothorn, F|item
|poke|p1|Scizor, M|item
|poke|p2|Tapu Koko|item
|poke|p2|Clefable, M|item
|poke|p2|Charizard, F|item
|poke|p2|Volcarona, M|item
|poke|p2|Zygarde|item
|poke|p2|Quagsire, M|item
|teampreview



|
|start
|switch|p1a: R34 Lusamine|Nihilego|360\/360
|switch|p2a: Tapu Koko|Tapu Koko|100\/100
|-fieldstart|move: Electric Terrain|[from] ability: Electric Surge|[of] p2a: Tapu Koko
|turn|1



|j| mariopuga



|
|move|p1a: R34 Lusamine|Sludge Wave|p2a: Tapu Koko
|-supereffective|p2a: Tapu Koko
|-damage|p2a: Tapu Koko|0 fnt
|faint|p2a: Tapu Koko
|-ability|p1a: R34 Lusamine|Beast Boost|boost
|-boost|p1a: R34 Lusamine|spa|1
|
|upkeep



|
|switch|p2a: Zygarde|Zygarde|100\/100
|-ability|p2a: Zygarde|Aura Break
|turn|2



|
|switch|p1a: Whips don't lie|Ferrothorn, F|352\/352
|move|p2a: Zygarde|Substitute|p2a: Zygarde
|-start|p2a: Zygarde|Substitute
|-damage|p2a: Zygarde|76\/100
|
|upkeep
|turn|3


|inactive|Time left: 150 sec this turn | 220 sec total


|inactive|Battle timer is ON: inactive players will automatically lose when time's up. (requested by ass grabbin)



|
|move|p2a: Zygarde|Coil|p2a: Zygarde
|-boost|p2a: Zygarde|atk|1
|-boost|p2a: Zygarde|def|1
|-boost|p2a: Zygarde|accuracy|1
|move|p1a: Whips don't lie|Power Whip|p2a: Zygarde
|-activate|p2a: Zygarde|move: Substitute|[damage]
|
|upkeep
|turn|4


|inactive|Time left: 150 sec this turn | 230 sec total


|
|switch|p1a: Bodak Yellow|Zapdos|383\/383
|move|p2a: Zygarde|Dragon Dance|p2a: Zygarde
|-boost|p2a: Zygarde|atk|1
|-boost|p2a: Zygarde|spe|1
|
|upkeep
|turn|5


|inactive|Time left: 150 sec this turn | 240 sec total


|inactive|toothchipper has 135 seconds left.



|
|move|p2a: Zygarde|Thousand Arrows|p1a: Bodak Yellow
|-damage|p1a: Bodak Yellow|143\/383
|-start|p1a: Bodak Yellow|Smack Down
|move|p1a: Bodak Yellow|Hidden Power|p2a: Zygarde
|-supereffective|p2a: Zygarde
|-end|p2a: Zygarde|Substitute
|
|-heal|p1a: Bodak Yellow|166\/383|[from] item: Leftovers
|-fieldend|move: Electric Terrain
|upkeep
|turn|6


|inactive|Time left: 150 sec this turn | 250 sec total


|
|move|p2a: Zygarde|Thousand Arrows|p1a: Bodak Yellow
|-supereffective|p1a: Bodak Yellow
|-damage|p1a: Bodak Yellow|0 fnt
|faint|p1a: Bodak Yellow
|
|upkeep


|inactive|Time left: 150 sec this turn | 255 sec total


|
|switch|p1a: R34 Lusamine|Nihilego|360\/360
|turn|7


|inactive|Time left: 150 sec this turn | 265 sec total


|inactive|toothchipper has 135 seconds left.



|
|move|p1a: R34 Lusamine|Hidden Power|p2a: Zygarde
|-supereffective|p2a: Zygarde
|-damage|p2a: Zygarde|1\/100
|-enditem|p2a: Zygarde|Iapapa Berry|[eat]
|-heal|p2a: Zygarde|51\/100|[from] item: Iapapa Berry
|move|p2a: Zygarde|Thousand Arrows|p1a: R34 Lusamine
|-supereffective|p1a: R34 Lusamine
|-damage|p1a: R34 Lusamine|0 fnt
|faint|p1a: R34 Lusamine
|
|upkeep


|inactive|Time left: 150 sec this turn | 275 sec total


|
|switch|p1a: Zygarde sux|Garchomp, F|357\/357
|turn|8


|inactive|Time left: 150 sec this turn | 280 sec total


|
|move|p2a: Zygarde|Thousand Arrows|p1a: Zygarde sux
|-damage|p1a: Zygarde sux|74\/357
|-zpower|p1a: Zygarde sux
|move|p1a: Zygarde sux|Devastating Drake|p2a: Zygarde|[zeffect]
|-supereffective|p2a: Zygarde
|-damage|p2a: Zygarde|0 fnt
|faint|p2a: Zygarde
|
|upkeep


|inactive|Time left: 150 sec this turn | 290 sec total


|inactive|toothchipper has 135 seconds left.



|
|switch|p2a: Quagsire|Quagsire, M|100\/100
|turn|9


|inactive|Time left: 150 sec this turn | 300 sec total


|
|switch|p1a: Whips don't lie|Ferrothorn, F|352\/352
|move|p2a: Quagsire|Curse|p2a: Quagsire
|-unboost|p2a: Quagsire|spe|1
|-boost|p2a: Quagsire|atk|1
|-boost|p2a: Quagsire|def|1
|
|upkeep
|turn|10


|inactive|Time left: 150 sec this turn | 305 sec total


|
|move|p1a: Whips don't lie|Power Whip|p2a: Quagsire
|-supereffective|p2a: Quagsire
|-damage|p2a: Quagsire|5\/100
|move|p2a: Quagsire|Scald|p1a: Whips don't lie
|-resisted|p1a: Whips don't lie
|-damage|p1a: Whips don't lie|330\/352
|
|-heal|p1a: Whips don't lie|352\/352|[from] item: Leftovers
|-heal|p2a: Quagsire|11\/100|[from] item: Leftovers
|upkeep
|turn|11


|inactive|Time left: 150 sec this turn | 315 sec total


|
|switch|p2a: Charizard|Charizard, F|100\/100
|move|p1a: Whips don't lie|Power Whip|p2a: Charizard|[miss]
|-miss|p1a: Whips don't lie|p2a: Charizard
|
|upkeep
|turn|12


|inactive|Time left: 150 sec this turn | 325 sec total


|
|switch|p1a: Flexicution|Greninja, M|285\/285
|-mega|p2a: Charizard|Charizard|Charizardite X
|detailschange|p2a: Charizard|Charizard-Mega-X, F
|move|p2a: Charizard|Fire Punch|p1a: Flexicution
|-resisted|p1a: Flexicution
|-damage|p1a: Flexicution|169\/285
|
|upkeep
|turn|13


|inactive|Time left: 150 sec this turn | 330 sec total


|
|move|p1a: Flexicution|Hydro Pump|p2a: Charizard
|-damage|p2a: Charizard|0 fnt
|faint|p2a: Charizard
|-activate|p1a: Flexicution|ability: Battle Bond
|detailschange|p1a: Flexicution|Greninja-Ash, M
|
|upkeep


|inactive|Time left: 150 sec this turn | 340 sec total


|
|switch|p2a: Clefable|Clefable, M|100\/100
|turn|14


|inactive|Time left: 150 sec this turn | 350 sec total


|
|switch|p1a: Swords Dance|Scizor, M|344\/344
|move|p2a: Clefable|Charge Beam|p1a: Swords Dance|[miss]
|-miss|p2a: Clefable|p1a: Swords Dance
|
|upkeep
|turn|15


|inactive|Time left: 150 sec this turn | 360 sec total


|
|switch|p2a: Volcarona|Volcarona, M|100\/100
|-mega|p1a: Swords Dance|Scizor|Scizorite
|detailschange|p1a: Swords Dance|Scizor-Mega, M
|move|p1a: Swords Dance|Swords Dance|p1a: Swords Dance
|-boost|p1a: Swords Dance|atk|2
|
|upkeep
|turn|16


|inactive|Time left: 150 sec this turn | 370 sec total


|inactive|ass grabbin has 135 seconds left.



|
|move|p2a: Volcarona|Quiver Dance|p2a: Volcarona
|-boost|p2a: Volcarona|spa|1
|-boost|p2a: Volcarona|spd|1
|-boost|p2a: Volcarona|spe|1
|move|p1a: Swords Dance|Knock Off|p2a: Volcarona
|-damage|p2a: Volcarona|19\/100
|
|upkeep
|turn|17


|inactive|Time left: 150 sec this turn | 365 sec total


|
|move|p1a: Swords Dance|Bullet Punch|p2a: Volcarona
|-resisted|p2a: Volcarona
|-damage|p2a: Volcarona|0 fnt
|faint|p2a: Volcarona
|
|upkeep


|inactive|Time left: 150 sec this turn | 375 sec total


|-message|toothchipper forfeited.



|
|win|ass grabbin


|inactive|Time left: 150 sec this turn | 385 sec total

||Ladder updating...


|l|☆toothchipper

</script>
</div>
<div class="battle-log battle-log-inline"><div class="inner"><div class="chat"><small>☆ass grabbin joined.</small></div><div class="chat"><small>☆toothchipper joined.</small></div><div style="padding:5px 0"><small>Format:</small> <br><strong>[Gen 7] OU</strong></div><div class="rated"><strong>Rated battle</strong></div><div><small><em>Sleep Clause Mod:</em> Limit one foe put to sleep</small></div><div><small><em>Species Clause:</em> Limit one of each Pokémon</small></div><div><small><em>OHKO Clause:</em> OHKO moves are banned</small></div><div><small><em>Moody Clause:</em> Moody is banned</small></div><div><small><em>Evasion Moves Clause:</em> Evasion moves are banned</small></div><div><small><em>Endless Battle Clause:</em> Forcing endless battles is banned</small></div><div><small><em>HP Percentage Mod:</em> HP is shown in percentages</small></div><div class="chat"><strong>ass grabbin's team:</strong> <em style="color:#445566;display:block;">Zapdos / Garchomp / Greninja / Nihilego / Ferrothorn / Scizor</em></div><div class="chat"><strong>toothchipper's team:</strong> <em style="color:#445566;display:block;">Tapu Koko / Clefable / Charizard / Volcarona / Zygarde / Quagsire</em></div><div>Battle between ass grabbin and toothchipper started!</div><div class="spacer battle-history"></div><div class="battle-history">Go! <span class="battle-nickname" title="Nihilego">R34 Lusamine <small>(Nihilego)</small></span>!</div><div class="spacer battle-history"></div><div class="battle-history">toothchipper sent out Tapu Koko!</div><div class="battle-history"><small>[Opposing <span class="battle-nickname-foe" title="Tapu Koko">Tapu Koko</span>'s Electric Surge!]</small></div><div class="battle-history"><small>An electric current runs across the battlefield!</small></div><h2 class="battle-history">Turn 1</h2><div class="chat"><small> mariopuga joined.</small></div><div class="spacer battle-history"></div><div class="battle-history"><span class="battle-nickname" title="Nihilego">R34 Lusamine</span> used <strong>Sludge Wave</strong>!</div><div class="battle-history"><small>It's super effective! <br></small><small>The opposing <span class="battle-nickname-foe" title="Tapu Koko">Tapu Koko</span> lost 100% of its health!</small><br></div><div class="spacer battle-history"></div><div class="battle-history">The opposing <span class="battle-nickname-foe" title="Tapu Koko">Tapu Koko</span> fainted!</div><div class="battle-history"><small>[<span class="battle-nickname" title="Nihilego">R34 Lusamine</span>'s Beast Boost!]</small></div><div class="battle-history"><small><span class="battle-nickname" title="Nihilego">R34 Lusamine</span>'s Special Attack rose! </small></div><div class="spacer battle-history"></div><div class="battle-history">toothchipper sent out Zygarde!</div><div class="battle-history"><small>[Opposing <span class="battle-nickname-foe" title="Zygarde">Zygarde</span>'s Aura Break!]</small></div><div class="battle-history"><small>The opposing <span class="battle-nickname-foe" title="Zygarde">Zygarde</span> reversed all other Pokémon's auras!</small></div><h2 class="battle-history">Turn 2</h2><div class="spacer battle-history"></div><div class="battle-history"><span class="battle-nickname" title="Nihilego">R34 Lusamine</span>, come back!</div><div class="battle-history">Go! <span class="battle-nickname" title="Ferrothorn">Whips don't lie <small>(Ferrothorn)</small></span>!</div><div class="spacer battle-history"></div><div class="battle-history">The opposing <span class="battle-nickname-foe" title="Zygarde">Zygarde</span> used <strong>Substitute</strong>!</div><div class="battle-history"><small>The opposing <span class="battle-nickname-foe" title="Zygarde">Zygarde</span> put in a substitute!</small></div><div class="battle-history"><small>The opposing <span class="battle-nickname-foe" title="Zygarde">Zygarde</span> lost 24% of its health!</small><br></div><h2 class="battle-history">Turn 3</h2><div class="chat message-error">Battle timer is ON: inactive players will automatically lose when time's up. (requested by ass grabbin)</div><div class="spacer battle-history"></div><div class="battle-history">The opposing <span class="battle-nickname-foe" title="Zygarde">Zygarde</span> used <strong>Coil</strong>!</div><div class="battle-history"><small>The opposing <span class="battle-nickname-foe" title="Zygarde">Zygarde</span>'s Attack rose! <br>The opposing <span class="battle-nickname-foe" title="Zygarde">Zygarde</span>'s Defense rose! <br>The opposing <span class="battle-nickname-foe" title="Zygarde">Zygarde</span>'s accuracy rose! </small></div><div class="spacer battle-history"></div><div class="battle-history"><span class="battle-nickname" title="Ferrothorn">Whips don't lie</span> used <strong>Power Whip</strong>!</div><div class="battle-history"><small>The substitute took damage for the opposing <span class="battle-nickname-foe" title="Zygarde">Zygarde</span>!</small></div><h2 class="battle-history">Turn 4</h2><div class="spacer battle-history"></div><div class="battle-history"><span class="battle-nickname" title="Ferrothorn">Whips don't lie</span>, come back!</div><div class="battle-history">Go! <span class="battle-nickname" title="Zapdos">Bodak Yellow <small>(Zapdos)</small></span>!</div><div class="spacer battle-history"></div><div class="battle-history">The opposing <span class="battle-nickname-foe" title="Zygarde">Zygarde</span> used <strong>Dragon Dance</strong>!</div><div class="battle-history"><small>The opposing <span class="battle-nickname-foe" title="Zygarde">Zygarde</span>'s Attack rose! <br>The opposing <span class="battle-nickname-foe" title="Zygarde">Zygarde</span>'s Speed rose! </small></div><h2 class="battle-history">Turn 5</h2><div class="chat message-error">toothchipper has 135 seconds left.</div><div class="spacer battle-history"></div><div class="battle-history">The opposing <span class="battle-nickname-foe" title="Zygarde">Zygarde</span> used <strong>Thousand Arrows</strong>!</div><div class="battle-history"><small><span class="battle-nickname" title="Zapdos">Bodak Yellow</span> lost <abbr title="−240/383">62.7%</abbr> of its health!</small><br></div><div class="battle-history"><small><span class="battle-nickname" title="Zapdos">Bodak Yellow</span> fell straight down!</small></div><div class="spacer battle-history"></div><div class="battle-history"><span class="battle-nickname" title="Zapdos">Bodak Yellow</span> used <strong>Hidden Power</strong>!</div><div class="battle-history"><small>It's super effective! <br>The opposing <span class="battle-nickname-foe" title="Zygarde">Zygarde</span>'s substitute faded!</small></div><div class="spacer battle-history"></div><div class="battle-history"><small><span class="battle-nickname" title="Zapdos">Bodak Yellow</span> restored a little HP using its Leftovers!</small></div><div class="battle-history"><small>The electricity disappeared from the battlefield.</small></div><h2 class="battle-history">Turn 6</h2><div class="spacer battle-history"></div><div class="battle-history">The opposing <span class="battle-nickname-foe" title="Zygarde">Zygarde</span> used <strong>Thousand Arrows</strong>!</div><div class="battle-history"><small>It's super effective! <br></small><small><span class="battle-nickname" title="Zapdos">Bodak Yellow</span> lost <abbr title="−166/383">43.3%</abbr> of its health!</small><br></div><div class="spacer battle-history"></div><div class="battle-history"><span class="battle-nickname" title="Zapdos">Bodak Yellow</span> fainted!</div><div class="spacer battle-history"></div><div class="battle-history">Go! <span class="battle-nickname" title="Nihilego">R34 Lusamine <small>(Nihilego)</small></span>!</div><h2 class="battle-history">Turn 7</h2><div class="chat message-error">toothchipper has 135 seconds left.</div><div class="spacer battle-history"></div><div class="battle-history"><span class="battle-nickname" title="Nihilego">R34 Lusamine</span> used <strong>Hidden Power</strong>!</div><div class="battle-history"><small>It's super effective! <br></small><small>The opposing <span class="battle-nickname-foe" title="Zygarde">Zygarde</span> lost 75% of its health!</small><br></div><div class="battle-history"><small>The opposing <span class="battle-nickname-foe" title="Zygarde">Zygarde</span> ate its Iapapa Berry!</small></div><div class="battle-history"><small>The opposing <span class="battle-nickname-foe" title="Zygarde">Zygarde</span> restored HP using its Iapapa Berry!</small></div><div class="spacer battle-history"></div><div class="battle-history">The opposing <span class="battle-nickname-foe" title="Zygarde">Zygarde</span> used <strong>Thousand Arrows</strong>!</div><div class="battle-history"><small>It's super effective! <br></small><small><span class="battle-nickname" title="Nihilego">R34 Lusamine</span> lost <abbr title="−360/360">100%</abbr> of its health!</small><br></div><div class="spacer battle-history"></div><div class="battle-history"><span class="battle-nickname" title="Nihilego">R34 Lusamine</span> fainted!</div><div class="spacer battle-history"></div><div class="battle-history">Go! <span class="battle-nickname" title="Garchomp">Zygarde sux <small>(Garchomp)</small></span>!</div><h2 class="battle-history">Turn 8</h2><div class="spacer battle-history"></div><div class="battle-history">The opposing <span class="battle-nickname-foe" title="Zygarde">Zygarde</span> used <strong>Thousand Arrows</strong>!</div><div class="battle-history"><small><span class="battle-nickname" title="Garchomp">Zygarde sux</span> lost <abbr title="−283/357">79.3%</abbr> of its health!</small><br></div><div class="spacer battle-history"></div><div class="battle-history"><small><span class="battle-nickname" title="Garchomp">Zygarde sux</span> surrounded itself with its Z-Power! </small></div><div class="battle-history"><small><span class="battle-nickname" title="Garchomp">Zygarde sux</span> unleashes its full-force Z-Move!</small></div><div class="battle-history"><span class="battle-nickname" title="Garchomp">Zygarde sux</span> used <strong>Devastating Drake</strong>!</div><div class="battle-history"><small>It's super effective! <br></small><small>The opposing <span class="battle-nickname-foe" title="Zygarde">Zygarde</span> lost 51% of its health!</small><br></div><div class="spacer battle-history"></div><div class="battle-history">The opposing <span class="battle-nickname-foe" title="Zygarde">Zygarde</span> fainted!</div><div class="chat message-error">toothchipper has 135 seconds left.</div><div class="spacer battle-history"></div><div class="battle-history">toothchipper sent out Quagsire!</div><h2 class="battle-history">Turn 9</h2><div class="spacer battle-history"></div><div class="battle-history"><span class="battle-nickname" title="Garchomp">Zygarde sux</span>, come back!</div><div class="battle-history">Go! <span class="battle-nickname" title="Ferrothorn">Whips don't lie <small>(Ferrothorn)</small></span>!</div><div class="spacer battle-history"></div><div class="battle-history">The opposing <span class="battle-nickname-foe" title="Quagsire">Quagsire</span> used <strong>Curse</strong>!</div><div class="battle-history"><small>The opposing <span class="battle-nickname-foe" title="Quagsire">Quagsire</span>'s Speed fell! </small></div><div class="battle-history"><small>The opposing <span class="battle-nickname-foe" title="Quagsire">Quagsire</span>'s Attack rose! <br>The opposing <span class="battle-nickname-foe" title="Quagsire">Quagsire</span>'s Defense rose! </small></div><h2 class="battle-history">Turn 10</h2><div class="spacer battle-history"></div><div class="battle-history"><span class="battle-nickname" title="Ferrothorn">Whips don't lie</span> used <strong>Power Whip</strong>!</div><div class="battle-history"><small>It's super effective! <br></small><small>The opposing <span class="battle-nickname-foe" title="Quagsire">Quagsire</span> lost 95% of its health!</small><br></div><div class="spacer battle-history"></div><div class="battle-history">The opposing <span class="battle-nickname-foe" title="Quagsire">Quagsire</span> used <strong>Scald</strong>!</div><div class="battle-history"><small>It's not very effective... <br></small><small><span class="battle-nickname" title="Ferrothorn">Whips don't lie</span> lost <abbr title="−22/352">6.3%</abbr> of its health!</small><br></div><div class="spacer battle-history"></div><div class="battle-history"><small><span class="battle-nickname" title="Ferrothorn">Whips don't lie</span> restored a little HP using its Leftovers!</small></div><div class="battle-history"><small>The opposing <span class="battle-nickname-foe" title="Quagsire">Quagsire</span> restored a little HP using its Leftovers!</small></div><h2 class="battle-history">Turn 11</h2><div class="spacer battle-history"></div><div class="battle-history">toothchipper withdrew Quagsire!</div><div class="battle-history">toothchipper sent out Charizard!</div><div class="spacer battle-history"></div><div class="battle-history"><span class="battle-nickname" title="Ferrothorn">Whips don't lie</span> used <strong>Power Whip</strong>!</div><div class="battle-history"><small>The opposing <span class="battle-nickname-foe" title="Charizard">Charizard</span> avoided the attack!</small></div><h2 class="battle-history">Turn 12</h2><div class="spacer battle-history"></div><div class="battle-history"><span class="battle-nickname" title="Ferrothorn">Whips don't lie</span>, come back!</div><div class="battle-history">Go! <span class="battle-nickname" title="Greninja">Flexicution <small>(Greninja)</small></span>!</div><div class="battle-history"><small>The opposing <span class="battle-nickname-foe" title="Charizard">Charizard</span>'s Charizardite X is reacting to the Key Stone!<br>The opposing <span class="battle-nickname-foe" title="Charizard">Charizard</span> has Mega Evolved into Mega Charizard!</small></div><div class="spacer battle-history"></div><div class="battle-history">The opposing <span class="battle-nickname-foe" title="Charizard-Mega-X">Charizard</span> used <strong>Fire Punch</strong>!</div><div class="battle-history"><small>It's not very effective... <br></small><small><span class="battle-nickname" title="Greninja">Flexicution</span> lost <abbr title="−116/285">40.7%</abbr> of its health!</small><br></div><h2 class="battle-history">Turn 13</h2><div class="spacer battle-history"></div><div class="battle-history"><span class="battle-nickname" title="Greninja">Flexicution</span> used <strong>Hydro Pump</strong>!</div><div class="battle-history"><small>The opposing <span class="battle-nickname-foe" title="Charizard-Mega-X">Charizard</span> lost 100% of its health!</small><br></div><div class="spacer battle-history"></div><div class="battle-history">The opposing <span class="battle-nickname-foe" title="Charizard-Mega-X">Charizard</span> fainted!</div><div class="battle-history"><small>[<span class="battle-nickname" title="Greninja">Flexicution</span>'s Battle Bond!]</small></div><div class="battle-history"><small><span class="battle-nickname" title="Greninja">Flexicution</span> became fully charged due to its bond with its Trainer!</small></div><div class="battle-history"><span class="battle-nickname" title="Greninja-Ash">Flexicution</span> became Ash-Greninja!</div><div class="spacer battle-history"></div><div class="battle-history">toothchipper sent out Clefable!</div><h2 class="battle-history">Turn 14</h2><div class="spacer battle-history"></div><div class="battle-history"><span class="battle-nickname" title="Greninja-Ash">Flexicution</span>, come back!</div><div class="battle-history">Go! <span class="battle-nickname" title="Scizor">Swords Dance <small>(Scizor)</small></span>!</div><div class="spacer battle-history"></div><div class="battle-history">The opposing <span class="battle-nickname-foe" title="Clefable">Clefable</span> used <strong>Charge Beam</strong>!</div><div class="battle-history"><small><span class="battle-nickname" title="Scizor">Swords Dance</span> avoided the attack!</small></div><h2 class="battle-history">Turn 15</h2><div class="spacer battle-history"></div><div class="battle-history">toothchipper withdrew Clefable!</div><div class="battle-history">toothchipper sent out Volcarona!</div><div class="battle-history"><small><span class="battle-nickname" title="Scizor">Swords Dance</span>'s Scizorite is reacting to the Key Stone!<br><span class="battle-nickname" title="Scizor">Swords Dance</span> has Mega Evolved into Mega Scizor!</small></div><div class="spacer battle-history"></div><div class="battle-history"><span class="battle-nickname" title="Scizor-Mega">Swords Dance</span> used <strong>Swords Dance</strong>!</div><div class="battle-history"><small><span class="battle-nickname" title="Scizor-Mega">Swords Dance</span>'s Attack rose sharply! </small></div><h2 class="battle-history">Turn 16</h2><div class="chat message-error">ass grabbin has 135 seconds left.</div><div class="spacer battle-history"></div><div class="battle-history">The opposing <span class="battle-nickname-foe" title="Volcarona">Volcarona</span> used <strong>Quiver Dance</strong>!</div><div class="battle-history"><small>The opposing <span class="battle-nickname-foe" title="Volcarona">Volcarona</span>'s Special Attack rose! <br>The opposing <span class="battle-nickname-foe" title="Volcarona">Volcarona</span>'s Special Defense rose! <br>The opposing <span class="battle-nickname-foe" title="Volcarona">Volcarona</span>'s Speed rose! </small></div><div class="spacer battle-history"></div><div class="battle-history"><span class="battle-nickname" title="Scizor-Mega">Swords Dance</span> used <strong>Knock Off</strong>!</div><div class="battle-history"><small>The opposing <span class="battle-nickname-foe" title="Volcarona">Volcarona</span> lost 81% of its health!</small><br></div><h2 class="battle-history">Turn 17</h2><div class="spacer battle-history"></div><div class="battle-history"><span class="battle-nickname" title="Scizor-Mega">Swords Dance</span> used <strong>Bullet Punch</strong>!</div><div class="battle-history"><small>It's not very effective... <br></small><small>The opposing <span class="battle-nickname-foe" title="Volcarona">Volcarona</span> lost 19% of its health!</small><br></div><div class="spacer battle-history"></div><div class="battle-history">The opposing <span class="battle-nickname-foe" title="Volcarona">Volcarona</span> fainted!</div><div class="spacer battle-history"></div><div class="battle-history"><small>toothchipper forfeited.</small></div><div class="spacer battle-history"></div><div class="battle-history">ass grabbin won the battle!</div><div class="chat">Ladder updating...</div><div class="chat"><small>☆toothchipper left.</small></div></div></div>
</div>
<script>
var daily = Math.floor(Date.now()/1000/60/60/24);document.write('<script src="https://play.pokemonshowdown.com/js/replay-embed.js?version'+daily+'"></'+'script>');
</script>
