<!DOCTYPE html>
<meta charset="utf-8" />
<!-- version 1 -->
<title>[Gen 7] OU replay: lyb0768 vs. ass grabbin</title>
<style>
html,body {font-family:Verdana, sans-serif;font-size:10pt;margin:0;padding:0;}body{padding:12px 0;} .battle-log {font-family:Verdana, sans-serif;font-size:10pt;} .battle-log-inline {border:1px solid #AAAAAA;background:#EEF2F5;color:black;max-width:640px;margin:0 auto 80px;padding-bottom:5px;} .battle-log .inner {padding:4px 8px 0px 8px;} .battle-log .inner-preempt {padding:0 8px 4px 8px;} .battle-log .inner-after {margin-top:0.5em;} .battle-log h2 {margin:0.5em -8px;padding:4px 8px;border:1px solid #AAAAAA;background:#E0E7EA;border-left:0;border-right:0;font-family:Verdana, sans-serif;font-size:13pt;} .battle-log .chat {vertical-align:middle;padding:3px 0 3px 0;font-size:8pt;} .battle-log .chat strong {color:#40576A;} .battle-log .chat em {padding:1px 4px 1px 3px;color:#000000;font-style:normal;} .chat.mine {background:rgba(0,0,0,0.05);margin-left:-8px;margin-right:-8px;padding-left:8px;padding-right:8px;} .spoiler {color:#BBBBBB;background:#BBBBBB;padding:0px 3px;} .spoiler:hover, .spoiler:active, .spoiler-shown {color:#000000;background:#E2E2E2;padding:0px 3px;} .spoiler a {color:#BBBBBB;} .spoiler:hover a, .spoiler:active a, .spoiler-shown a {color:#2288CC;} .chat code, .chat .spoiler:hover code, .chat .spoiler:active code, .chat .spoiler-shown code {border:1px solid #C0C0C0;background:#EEEEEE;color:black;padding:0 2px;} .chat .spoiler code {border:1px solid #CCCCCC;background:#CCCCCC;color:#CCCCCC;} .battle-log .rated {padding:3px 4px;} .battle-log .rated strong {color:white;background:#89A;padding:1px 4px;border-radius:4px;} .spacer {margin-top:0.5em;} .message-announce {background:#6688AA;color:white;padding:1px 4px 2px;} .message-announce a, .broadcast-green a, .broadcast-blue a, .broadcast-red a {color:#DDEEFF;} .broadcast-green {background-color:#559955;color:white;padding:2px 4px;} .broadcast-blue {background-color:#6688AA;color:white;padding:2px 4px;} .infobox {border:1px solid #6688AA;padding:2px 4px;} .infobox-limited {max-height:200px;overflow:auto;overflow-x:hidden;} .broadcast-red {background-color:#AA5544;color:white;padding:2px 4px;} .message-learn-canlearn {font-weight:bold;color:#228822;text-decoration:underline;} .message-learn-cannotlearn {font-weight:bold;color:#CC2222;text-decoration:underline;} .message-effect-weak {font-weight:bold;color:#CC2222;} .message-effect-resist {font-weight:bold;color:#6688AA;} .message-effect-immune {font-weight:bold;color:#666666;} .message-learn-list {margin-top:0;margin-bottom:0;} .message-throttle-notice, .message-error {color:#992222;} .message-overflow, .chat small.message-overflow {font-size:0pt;} .message-overflow::before {font-size:9pt;content:'...';} .subtle {color:#3A4A66;}
</style>
<div class="wrapper replay-wrapper" style="max-width:1180px;margin:0 auto">
<input type="hidden" name="replayid" value="gen7ou-726018107" />
<div class="battle"></div><div class="battle-log"></div><div class="replay-controls"></div><div class="replay-controls-2"></div>
<h1 style="font-weight:normal;text-align:center"><strong>[Gen 7] OU</strong><br /><a href="http://pokemonshowdown.com/users/lyb0768" class="subtle" target="_blank">lyb0768</a> vs. <a href="http://pokemonshowdown.com/users/assgrabbin" class="subtle" target="_blank">ass grabbin</a></h1>
<script type="text/plain" class="battle-log-data">|j|☆lyb0768
|j|☆ass grabbin


|player|p1|lyb0768|170



|player|p2|ass grabbin|70
|teamsize|p1|6
|teamsize|p2|6
|gametype|singles
|gen|7
|tier|[Gen 7] OU
|rated|
|seed|
|rule|Sleep Clause Mod: Limit one foe put to sleep
|rule|Species Clause: Limit one of each Pokémon
|rule|OHKO Clause: OHKO moves are banned
|rule|Moody Clause: Moody is banned
|rule|Evasion Moves Clause: Evasion moves are banned
|rule|Endless Battle Clause: Forcing endless battles is banned
|rule|HP Percentage Mod: HP is shown in percentages
|clearpoke
|poke|p1|Zygarde|item
|poke|p1|Greninja, F|item
|poke|p1|Lopunny, F|item
|poke|p1|Landorus-Therian, M|item
|poke|p1|Magearna|item
|poke|p1|Tapu Koko|item
|poke|p2|Garchomp, M|item
|poke|p2|Tapu Bulu|item
|poke|p2|Celesteela|item
|poke|p2|Greninja, M|item
|poke|p2|Kartana|item
|poke|p2|Nihilego|item
|teampreview


|inactive|Time left: 150 sec this turn | 220 sec total


|inactive|Battle timer is ON: inactive players will automatically lose when time's up. (requested by lyb0768)



|
|start
|switch|p1a: Greninja|Greninja, F|100\/100
|switch|p2a: Nihilego|Nihilego|359\/359
|turn|1


|inactive|Time left: 150 sec this turn | 225 sec total


|
|move|p2a: Nihilego|Thunder Wave|p1a: Greninja
|-status|p1a: Greninja|par
|cant|p1a: Greninja|par
|
|upkeep
|turn|2


|inactive|Time left: 150 sec this turn | 230 sec total


|
|switch|p2a: Greninja|Greninja, M|285\/285
|move|p1a: Greninja|Spikes|p2a: Greninja
|-start|p1a: Greninja|typechange|Ground|[from] Protean
|-sidestart|p2: ass grabbin|Spikes
|
|upkeep
|turn|3


|inactive|Time left: 150 sec this turn | 230 sec total


|
|switch|p1a: Magearna|Magearna|100\/100
|move|p2a: Greninja|Hydro Pump|p1a: Magearna|[miss]
|-miss|p2a: Greninja|p1a: Magearna
|
|upkeep
|turn|4


|inactive|Time left: 150 sec this turn | 235 sec total


|
|switch|p2a: Celesteela|Celesteela|397\/397
|move|p1a: Magearna|Volt Switch|p2a: Celesteela
|-supereffective|p2a: Celesteela
|-damage|p2a: Celesteela|247\/397


|inactive|Time left: 150 sec this turn | 240 sec total


|
|switch|p1a: Tapu Koko|Tapu Koko|100\/100
|-fieldstart|move: Electric Terrain|[from] ability: Electric Surge|[of] p1a: Tapu Koko
|
|-heal|p2a: Celesteela|271\/397|[from] item: Leftovers
|upkeep
|turn|5


|inactive|Time left: 150 sec this turn | 250 sec total


|
|move|p2a: Celesteela|Protect|p2a: Celesteela
|-singleturn|p2a: Celesteela|Protect
|move|p1a: Tapu Koko|Volt Switch|p2a: Celesteela
|-activate|p2a: Celesteela|move: Protect
|
|-heal|p2a: Celesteela|295\/397|[from] item: Leftovers
|upkeep
|turn|6


|inactive|Time left: 150 sec this turn | 260 sec total


|
|switch|p1a: Magearna|Magearna|100\/100
|switch|p2a: Garchomp|Garchomp, M|420\/420
|-damage|p2a: Garchomp|368\/420|[from] Spikes
|
|upkeep
|turn|7


|inactive|Time left: 150 sec this turn | 265 sec total


|
|move|p2a: Garchomp|Earthquake|p1a: Magearna
|-supereffective|p1a: Magearna
|-damage|p1a: Magearna|22\/100
|move|p1a: Magearna|Ice Beam|p2a: Garchomp
|-supereffective|p2a: Garchomp
|-damage|p2a: Garchomp|0 fnt
|faint|p2a: Garchomp
|-ability|p1a: Magearna|Soul-Heart|boost
|-boost|p1a: Magearna|spa|1
|
|upkeep


|inactive|Time left: 150 sec this turn | 275 sec total


|inactive|ass grabbin has 135 seconds left.



|
|switch|p2a: Greninja|Greninja, M|285\/285
|-damage|p2a: Greninja|250\/285|[from] Spikes
|turn|8


|inactive|Time left: 150 sec this turn | 270 sec total


|
|switch|p1a: Greninja|Greninja, F|100\/100 par
|move|p2a: Greninja|Hydro Pump|p1a: Greninja
|-resisted|p1a: Greninja
|-damage|p1a: Greninja|39\/100 par
|
|-fieldend|move: Electric Terrain
|upkeep
|turn|9


|inactive|Time left: 150 sec this turn | 280 sec total


|
|move|p2a: Greninja|Hydro Pump|p1a: Greninja
|-resisted|p1a: Greninja
|-damage|p1a: Greninja|0 fnt
|faint|p1a: Greninja
|-activate|p2a: Greninja|ability: Battle Bond
|detailschange|p2a: Greninja|Greninja-Ash, M
|
|upkeep


|inactive|Time left: 150 sec this turn | 290 sec total


|
|switch|p1a: Tapu Koko|Tapu Koko|100\/100
|-fieldstart|move: Electric Terrain|[from] ability: Electric Surge|[of] p1a: Tapu Koko
|turn|10


|inactive|Time left: 150 sec this turn | 300 sec total


|
|switch|p2a: Tapu Bulu|Tapu Bulu|343\/343
|-damage|p2a: Tapu Bulu|301\/343|[from] Spikes
|-fieldstart|move: Grassy Terrain|[from] ability: Grassy Surge|[of] p2a: Tapu Bulu
|move|p1a: Tapu Koko|Volt Switch|p2a: Tapu Bulu
|-resisted|p2a: Tapu Bulu
|-damage|p2a: Tapu Bulu|263\/343


|inactive|Time left: 150 sec this turn | 305 sec total


|
|switch|p1a: Landorus|Landorus-Therian, M|100\/100
|-ability|p1a: Landorus|Intimidate|boost
|-unboost|p2a: Tapu Bulu|atk|1
|
|-heal|p2a: Tapu Bulu|284\/343|[from] Grassy Terrain
|upkeep
|turn|11


|inactive|Time left: 150 sec this turn | 315 sec total


|
|switch|p2a: Celesteela|Celesteela|295\/397
|move|p1a: Landorus|Stealth Rock|p2a: Celesteela
|-sidestart|p2: ass grabbin|move: Stealth Rock
|
|-heal|p2a: Celesteela|319\/397|[from] item: Leftovers
|upkeep
|turn|12


|inactive|Time left: 150 sec this turn | 320 sec total


|
|move|p1a: Landorus|Smack Down|p2a: Celesteela
|-damage|p2a: Celesteela|277\/397
|-start|p2a: Celesteela|Smack Down
|move|p2a: Celesteela|Heavy Slam|p1a: Landorus
|-damage|p1a: Landorus|71\/100
|
|-heal|p1a: Landorus|77\/100|[from] item: Leftovers
|-heal|p2a: Celesteela|301\/397|[from] item: Leftovers
|-heal|p2a: Celesteela|325\/397|[from] Grassy Terrain
|upkeep
|turn|13


|inactive|Time left: 150 sec this turn | 330 sec total


|
|switch|p1a: Magearna|Magearna|22\/100
|switch|p2a: Kartana|Kartana|259\/259
|-damage|p2a: Kartana|243\/259|[from] Stealth Rock
|-damage|p2a: Kartana|211\/259|[from] Spikes
|
|-heal|p2a: Kartana|227\/259|[from] Grassy Terrain
|-heal|p1a: Magearna|28\/100|[from] Grassy Terrain
|upkeep
|turn|14


|inactive|Time left: 150 sec this turn | 340 sec total


|inactive|lyb0768 has 135 seconds left.



|inactive|ass grabbin has 135 seconds left.



|
|move|p2a: Kartana|Leaf Blade|p1a: Magearna
|-resisted|p1a: Magearna
|-damage|p1a: Magearna|0 fnt
|faint|p1a: Magearna
|-ability|p2a: Kartana|Beast Boost|boost
|-boost|p2a: Kartana|atk|1
|
|-heal|p2a: Kartana|243\/259|[from] Grassy Terrain
|-fieldend|move: Grassy Terrain
|upkeep


|inactive|Time left: 150 sec this turn | 335 sec total


|
|switch|p1a: Lopunny|Lopunny, F, shiny|100\/100
|turn|15


|inactive|Time left: 150 sec this turn | 345 sec total


|
|switch|p2a: Celesteela|Celesteela|325\/397
|-damage|p2a: Celesteela|276\/397|[from] Stealth Rock
|-mega|p1a: Lopunny|Lopunny|Lopunnite
|detailschange|p1a: Lopunny|Lopunny-Mega, F, shiny
|move|p1a: Lopunny|Power-Up Punch|p2a: Celesteela
|-damage|p2a: Celesteela|216\/397
|-boost|p1a: Lopunny|atk|1
|
|-heal|p2a: Celesteela|240\/397|[from] item: Leftovers
|upkeep
|turn|16


|inactive|Time left: 150 sec this turn | 345 sec total


|
|move|p2a: Celesteela|Protect|p2a: Celesteela
|-singleturn|p2a: Celesteela|Protect
|move|p1a: Lopunny|High Jump Kick|p2a: Celesteela
|-activate|p2a: Celesteela|move: Protect
|-damage|p1a: Lopunny|51\/100|[from] highjumpkick
|
|-heal|p2a: Celesteela|264\/397|[from] item: Leftovers
|upkeep
|turn|17


|inactive|Time left: 150 sec this turn | 355 sec total


|
|switch|p2a: Tapu Bulu|Tapu Bulu|284\/343
|-damage|p2a: Tapu Bulu|242\/343|[from] Stealth Rock
|-damage|p2a: Tapu Bulu|200\/343|[from] Spikes
|-fieldstart|move: Grassy Terrain|[from] ability: Grassy Surge|[of] p2a: Tapu Bulu
|move|p1a: Lopunny|High Jump Kick|p2a: Tapu Bulu|[miss]
|-miss|p1a: Lopunny|p2a: Tapu Bulu
|-damage|p1a: Lopunny|1\/100|[from] highjumpkick
|
|-heal|p1a: Lopunny|7\/100|[from] Grassy Terrain
|-heal|p2a: Tapu Bulu|221\/343|[from] Grassy Terrain
|upkeep
|turn|18


|inactive|Time left: 150 sec this turn | 360 sec total


|c|☆ass grabbin|shit :(



|
|move|p1a: Lopunny|Return|p2a: Tapu Bulu
|-damage|p2a: Tapu Bulu|0 fnt
|faint|p2a: Tapu Bulu
|
|-heal|p1a: Lopunny|13\/100|[from] Grassy Terrain
|upkeep


|inactive|Time left: 150 sec this turn | 365 sec total


|
|switch|p2a: Nihilego|Nihilego|359\/359
|-damage|p2a: Nihilego|315\/359|[from] Spikes
|-damage|p2a: Nihilego|271\/359|[from] Stealth Rock
|turn|19


|inactive|Time left: 150 sec this turn | 375 sec total


|inactive|lyb0768 has 135 seconds left.



|
|switch|p1a: Zygarde|Zygarde|100\/100
|-ability|p1a: Zygarde|Aura Break
|move|p2a: Nihilego|Hidden Power|p1a: Zygarde
|-supereffective|p1a: Zygarde
|-damage|p1a: Zygarde|24\/100
|-enditem|p1a: Zygarde|Weakness Policy
|-boost|p1a: Zygarde|atk|2
|-boost|p1a: Zygarde|spa|2
|
|-heal|p2a: Nihilego|293\/359|[from] Grassy Terrain
|-heal|p1a: Zygarde|30\/100|[from] Grassy Terrain
|upkeep
|turn|20


|inactive|Time left: 150 sec this turn | 375 sec total


|
|switch|p1a: Tapu Koko|Tapu Koko|100\/100
|-fieldstart|move: Electric Terrain|[from] ability: Electric Surge|[of] p1a: Tapu Koko
|move|p2a: Nihilego|Hidden Power|p1a: Tapu Koko
|-damage|p1a: Tapu Koko|71\/100
|
|upkeep
|turn|21


|inactive|Time left: 150 sec this turn | 385 sec total


|inactive|ass grabbin has 135 seconds left.



|inactive|ass grabbin has 120 seconds left.



|
|switch|p2a: Kartana|Kartana|243\/259
|-damage|p2a: Kartana|211\/259|[from] Spikes
|-damage|p2a: Kartana|195\/259|[from] Stealth Rock
|move|p1a: Tapu Koko|Volt Switch|p2a: Kartana
|-resisted|p2a: Kartana
|-damage|p2a: Kartana|10\/259


|inactive|Time left: 150 sec this turn | 360 sec total


|
|switch|p1a: Lopunny|Lopunny-Mega, F, shiny|13\/100
|
|upkeep
|turn|22


|inactive|Time left: 150 sec this turn | 370 sec total


|
|move|p1a: Lopunny|Power-Up Punch|p2a: Kartana
|-supereffective|p2a: Kartana
|-damage|p2a: Kartana|0 fnt
|-boost|p1a: Lopunny|atk|1
|faint|p2a: Kartana
|
|upkeep


|inactive|Time left: 150 sec this turn | 380 sec total


|
|switch|p2a: Greninja|Greninja-Ash, M|250\/285
|-damage|p2a: Greninja|215\/285|[from] Spikes
|-damage|p2a: Greninja|180\/285|[from] Stealth Rock
|turn|23


|inactive|Time left: 150 sec this turn | 385 sec total


|
|move|p2a: Greninja|Water Shuriken|p1a: Lopunny
|-damage|p1a: Lopunny|0 fnt
|-hitcount|p1a: Lopunny|1
|faint|p1a: Lopunny
|
|upkeep


|inactive|Time left: 150 sec this turn | 395 sec total


|
|switch|p1a: Tapu Koko|Tapu Koko|71\/100
|turn|24


|inactive|Time left: 150 sec this turn | 405 sec total


|
|move|p2a: Greninja|Water Shuriken|p1a: Tapu Koko
|-damage|p1a: Tapu Koko|44\/100
|-damage|p1a: Tapu Koko|17\/100
|-damage|p1a: Tapu Koko|0 fnt
|-hitcount|p1a: Tapu Koko|3
|faint|p1a: Tapu Koko
|
|-fieldend|move: Electric Terrain
|upkeep


|inactive|Time left: 150 sec this turn | 415 sec total


|-message|lyb0768 forfeited.



|
|win|ass grabbin


|inactive|Time left: 150 sec this turn | 425 sec total

||Ladder updating...


|l|☆lyb0768



|raw|lyb0768's rating: 1761 &rarr; <strong>1740<\/strong><br \/>(-21 for losing)
|raw|ass grabbin's rating: 1739 &rarr; <strong>1761<\/strong><br \/>(+22 for winning)

</script>
</div>
<div class="battle-log battle-log-inline"><div class="inner"><div class="chat"><small>☆lyb0768 joined.</small></div><div class="chat"><small>☆ass grabbin joined.</small></div><div style="padding:5px 0"><small>Format:</small> <br><strong>[Gen 7] OU</strong></div><div class="rated"><strong>Rated battle</strong></div><div><small><em>Sleep Clause Mod:</em> Limit one foe put to sleep</small></div><div><small><em>Species Clause:</em> Limit one of each Pokémon</small></div><div><small><em>OHKO Clause:</em> OHKO moves are banned</small></div><div><small><em>Moody Clause:</em> Moody is banned</small></div><div><small><em>Evasion Moves Clause:</em> Evasion moves are banned</small></div><div><small><em>Endless Battle Clause:</em> Forcing endless battles is banned</small></div><div><small><em>HP Percentage Mod:</em> HP is shown in percentages</small></div><div class="chat"><strong>ass grabbin's team:</strong> <em style="color:#445566;display:block;">Garchomp / Tapu Bulu / Celesteela / Greninja / Kartana / Nihilego</em></div><div class="chat"><strong>lyb0768's team:</strong> <em style="color:#445566;display:block;">Zygarde / Greninja / Lopunny / Landorus-Therian / Magearna / Tapu Koko</em></div><div class="chat message-error">Battle timer is ON: inactive players will automatically lose when time's up. (requested by lyb0768)</div><div>Battle between lyb0768 and ass grabbin started!</div><div class="spacer battle-history"></div><div class="battle-history">lyb0768 sent out Greninja!</div><div class="spacer battle-history"></div><div class="battle-history">Go! Nihilego!</div><h2 class="battle-history">Turn 1</h2><div class="spacer battle-history"></div><div class="battle-history"><span class="battle-nickname" title="Nihilego">Nihilego</span> used <strong>Thunder Wave</strong>!</div><div class="battle-history"><small>The opposing <span class="battle-nickname-foe" title="Greninja">Greninja</span> is paralyzed! It may be unable to move!</small></div><div class="spacer battle-history"></div><div class="battle-history">The opposing <span class="battle-nickname-foe" title="Greninja">Greninja</span> is paralyzed! It can't move!</div><h2 class="battle-history">Turn 2</h2><div class="spacer battle-history"></div><div class="battle-history"><span class="battle-nickname" title="Nihilego">Nihilego</span>, come back!</div><div class="battle-history">Go! Greninja!</div><div class="spacer battle-history"></div><div class="battle-history">The opposing <span class="battle-nickname-foe" title="Greninja">Greninja</span> used <strong>Spikes</strong>!</div><div class="spacer battle-history"></div><div class="battle-history"><small>[Opposing <span class="battle-nickname-foe" title="Greninja">Greninja</span>'s Protean!]</small></div><div class="battle-history"><small>The opposing <span class="battle-nickname-foe" title="Greninja">Greninja</span> transformed into the Ground type!</small></div><div class="battle-history"><small>Spikes were scattered on the ground all around your team!</small></div><h2 class="battle-history">Turn 3</h2><div class="spacer battle-history"></div><div class="battle-history">lyb0768 withdrew Greninja!</div><div class="battle-history">lyb0768 sent out Magearna!</div><div class="spacer battle-history"></div><div class="battle-history"><span class="battle-nickname" title="Greninja">Greninja</span> used <strong>Hydro Pump</strong>!</div><div class="battle-history"><small>The opposing <span class="battle-nickname-foe" title="Magearna">Magearna</span> avoided the attack!</small></div><h2 class="battle-history">Turn 4</h2><div class="spacer battle-history"></div><div class="battle-history"><span class="battle-nickname" title="Greninja">Greninja</span>, come back!</div><div class="battle-history">Go! Celesteela!</div><div class="spacer battle-history"></div><div class="battle-history">The opposing <span class="battle-nickname-foe" title="Magearna">Magearna</span> used <strong>Volt Switch</strong>!</div><div class="battle-history"><small>It's super effective! <br></small><small><span class="battle-nickname" title="Celesteela">Celesteela</span> lost <abbr title="−150/397">37.8%</abbr> of its health!</small><br></div><div class="spacer battle-history"></div><div class="battle-history">The opposing <span class="battle-nickname-foe" title="Magearna">Magearna</span> went back to lyb0768!</div><div class="battle-history">lyb0768 sent out Tapu Koko!</div><div class="battle-history"><small>[Opposing <span class="battle-nickname-foe" title="Tapu Koko">Tapu Koko</span>'s Electric Surge!]</small></div><div class="battle-history"><small>An electric current runs across the battlefield!</small></div><div class="spacer battle-history"></div><div class="battle-history"><small><span class="battle-nickname" title="Celesteela">Celesteela</span> restored a little HP using its Leftovers!</small></div><h2 class="battle-history">Turn 5</h2><div class="spacer battle-history"></div><div class="battle-history"><span class="battle-nickname" title="Celesteela">Celesteela</span> used <strong>Protect</strong>!</div><div class="battle-history"><small><span class="battle-nickname" title="Celesteela">Celesteela</span> protected itself!</small></div><div class="spacer battle-history"></div><div class="battle-history">The opposing <span class="battle-nickname-foe" title="Tapu Koko">Tapu Koko</span> used <strong>Volt Switch</strong>!</div><div class="battle-history"><small><span class="battle-nickname" title="Celesteela">Celesteela</span> protected itself!</small></div><div class="spacer battle-history"></div><div class="battle-history"><small><span class="battle-nickname" title="Celesteela">Celesteela</span> restored a little HP using its Leftovers!</small></div><h2 class="battle-history">Turn 6</h2><div class="spacer battle-history"></div><div class="battle-history">The opposing <span class="battle-nickname-foe" title="Tapu Koko">Tapu Koko</span> went back to lyb0768!</div><div class="battle-history">lyb0768 sent out Magearna!</div><div class="spacer battle-history"></div><div class="battle-history"><span class="battle-nickname" title="Celesteela">Celesteela</span>, come back!</div><div class="battle-history">Go! Garchomp!</div><div class="battle-history"><small><span class="battle-nickname" title="Garchomp">Garchomp</span> is hurt by the spikes! </small></div><h2 class="battle-history">Turn 7</h2><div class="spacer battle-history"></div><div class="battle-history"><span class="battle-nickname" title="Garchomp">Garchomp</span> used <strong>Earthquake</strong>!</div><div class="battle-history"><small>It's super effective! <br></small><small>The opposing <span class="battle-nickname-foe" title="Magearna">Magearna</span> lost 78% of its health!</small><br></div><div class="spacer battle-history"></div><div class="battle-history">The opposing <span class="battle-nickname-foe" title="Magearna">Magearna</span> used <strong>Ice Beam</strong>!</div><div class="battle-history"><small>It's super effective! <br></small><small><span class="battle-nickname" title="Garchomp">Garchomp</span> lost <abbr title="−368/420">87.6%</abbr> of its health!</small><br></div><div class="spacer battle-history"></div><div class="battle-history"><span class="battle-nickname" title="Garchomp">Garchomp</span> fainted!</div><div class="battle-history"><small>[Opposing <span class="battle-nickname-foe" title="Magearna">Magearna</span>'s Soul-Heart!]</small></div><div class="battle-history"><small>The opposing <span class="battle-nickname-foe" title="Magearna">Magearna</span>'s Special Attack rose! </small></div><div class="chat message-error">ass grabbin has 135 seconds left.</div><div class="spacer battle-history"></div><div class="battle-history">Go! Greninja!</div><div class="battle-history"><small><span class="battle-nickname" title="Greninja">Greninja</span> is hurt by the spikes! </small></div><h2 class="battle-history">Turn 8</h2><div class="spacer battle-history"></div><div class="battle-history">lyb0768 withdrew Magearna!</div><div class="battle-history">lyb0768 sent out Greninja!</div><div class="spacer battle-history"></div><div class="battle-history"><span class="battle-nickname" title="Greninja">Greninja</span> used <strong>Hydro Pump</strong>!</div><div class="battle-history"><small>It's not very effective... <br></small><small>The opposing <span class="battle-nickname-foe" title="Greninja">Greninja</span> lost 61% of its health!</small><br></div><div class="spacer battle-history"></div><div class="battle-history"><small>The electricity disappeared from the battlefield.</small></div><h2 class="battle-history">Turn 9</h2><div class="spacer battle-history"></div><div class="battle-history"><span class="battle-nickname" title="Greninja">Greninja</span> used <strong>Hydro Pump</strong>!</div><div class="battle-history"><small>It's not very effective... <br></small><small>The opposing <span class="battle-nickname-foe" title="Greninja">Greninja</span> lost 39% of its health!</small><br></div><div class="spacer battle-history"></div><div class="battle-history">The opposing <span class="battle-nickname-foe" title="Greninja">Greninja</span> fainted!</div><div class="battle-history"><small>[<span class="battle-nickname" title="Greninja">Greninja</span>'s Battle Bond!]</small></div><div class="battle-history"><small><span class="battle-nickname" title="Greninja">Greninja</span> became fully charged due to its bond with its Trainer!</small></div><div class="battle-history"><span class="battle-nickname" title="Greninja-Ash">Greninja</span> became Ash-Greninja!</div><div class="spacer battle-history"></div><div class="battle-history">lyb0768 sent out Tapu Koko!</div><div class="battle-history"><small>[Opposing <span class="battle-nickname-foe" title="Tapu Koko">Tapu Koko</span>'s Electric Surge!]</small></div><div class="battle-history"><small>An electric current runs across the battlefield!</small></div><h2 class="battle-history">Turn 10</h2><div class="spacer battle-history"></div><div class="battle-history"><span class="battle-nickname" title="Greninja-Ash">Greninja</span>, come back!</div><div class="battle-history">Go! Tapu Bulu!</div><div class="battle-history"><small><span class="battle-nickname" title="Tapu Bulu">Tapu Bulu</span> is hurt by the spikes! </small></div><div class="battle-history"><small>[<span class="battle-nickname" title="Tapu Bulu">Tapu Bulu</span>'s Grassy Surge!]</small></div><div class="battle-history"><small>Grass grew to cover the battlefield!</small></div><div class="spacer battle-history"></div><div class="battle-history">The opposing <span class="battle-nickname-foe" title="Tapu Koko">Tapu Koko</span> used <strong>Volt Switch</strong>!</div><div class="battle-history"><small>It's not very effective... <br></small><small><span class="battle-nickname" title="Tapu Bulu">Tapu Bulu</span> lost <abbr title="−38/343">11.1%</abbr> of its health!</small><br></div><div class="spacer battle-history"></div><div class="battle-history">The opposing <span class="battle-nickname-foe" title="Tapu Koko">Tapu Koko</span> went back to lyb0768!</div><div class="battle-history">lyb0768 sent out <span class="battle-nickname-foe" title="Landorus-Therian">Landorus <small>(Landorus-Therian)</small></span>!</div><div class="battle-history"><small>[Opposing <span class="battle-nickname-foe" title="Landorus-Therian">Landorus</span>'s Intimidate!]</small></div><div class="battle-history"><small><span class="battle-nickname" title="Tapu Bulu">Tapu Bulu</span>'s Attack fell! </small></div><div class="spacer battle-history"></div><div class="battle-history"><small><span class="battle-nickname" title="Tapu Bulu">Tapu Bulu</span> restored HP using its Grassy Terrain!</small></div><h2 class="battle-history">Turn 11</h2><div class="spacer battle-history"></div><div class="battle-history"><span class="battle-nickname" title="Tapu Bulu">Tapu Bulu</span>, come back!</div><div class="battle-history">Go! Celesteela!</div><div class="spacer battle-history"></div><div class="battle-history">The opposing <span class="battle-nickname-foe" title="Landorus-Therian">Landorus</span> used <strong>Stealth Rock</strong>!</div><div class="battle-history"><small>Pointed stones float in the air around your team!</small></div><div class="spacer battle-history"></div><div class="battle-history"><small><span class="battle-nickname" title="Celesteela">Celesteela</span> restored a little HP using its Leftovers!</small></div><h2 class="battle-history">Turn 12</h2><div class="spacer battle-history"></div><div class="battle-history">The opposing <span class="battle-nickname-foe" title="Landorus-Therian">Landorus</span> used <strong>Smack Down</strong>!</div><div class="battle-history"><small><span class="battle-nickname" title="Celesteela">Celesteela</span> lost <abbr title="−42/397">10.6%</abbr> of its health!</small><br></div><div class="battle-history"><small><span class="battle-nickname" title="Celesteela">Celesteela</span> fell straight down!</small></div><div class="spacer battle-history"></div><div class="battle-history"><span class="battle-nickname" title="Celesteela">Celesteela</span> used <strong>Heavy Slam</strong>!</div><div class="battle-history"><small>The opposing <span class="battle-nickname-foe" title="Landorus-Therian">Landorus</span> lost 29% of its health!</small><br></div><div class="spacer battle-history"></div><div class="battle-history"><small>The opposing <span class="battle-nickname-foe" title="Landorus-Therian">Landorus</span> restored a little HP using its Leftovers!</small></div><div class="battle-history"><small><span class="battle-nickname" title="Celesteela">Celesteela</span> restored a little HP using its Leftovers!</small></div><div class="battle-history"><small><span class="battle-nickname" title="Celesteela">Celesteela</span> restored HP using its Grassy Terrain!</small></div><h2 class="battle-history">Turn 13</h2><div class="spacer battle-history"></div><div class="battle-history">lyb0768 withdrew <span class="battle-nickname-foe" title="Landorus-Therian">Landorus <small>(Landorus-Therian)</small></span>!</div><div class="battle-history">lyb0768 sent out Magearna!</div><div class="spacer battle-history"></div><div class="battle-history"><span class="battle-nickname" title="Celesteela">Celesteela</span>, come back!</div><div class="battle-history">Go! Kartana!</div><div class="battle-history"><small>Pointed stones dug into <span class="battle-nickname" title="Kartana">Kartana</span>! </small></div><div class="battle-history"><small><span class="battle-nickname" title="Kartana">Kartana</span> is hurt by the spikes! </small></div><div class="spacer battle-history"></div><div class="battle-history"><small><span class="battle-nickname" title="Kartana">Kartana</span> restored HP using its Grassy Terrain!</small></div><div class="battle-history"><small>The opposing <span class="battle-nickname-foe" title="Magearna">Magearna</span> restored HP using its Grassy Terrain!</small></div><h2 class="battle-history">Turn 14</h2><div class="chat message-error">lyb0768 has 135 seconds left.</div><div class="chat message-error">ass grabbin has 135 seconds left.</div><div class="spacer battle-history"></div><div class="battle-history"><span class="battle-nickname" title="Kartana">Kartana</span> used <strong>Leaf Blade</strong>!</div><div class="battle-history"><small>It's not very effective... <br></small><small>The opposing <span class="battle-nickname-foe" title="Magearna">Magearna</span> lost 28% of its health!</small><br></div><div class="spacer battle-history"></div><div class="battle-history">The opposing <span class="battle-nickname-foe" title="Magearna">Magearna</span> fainted!</div><div class="battle-history"><small>[<span class="battle-nickname" title="Kartana">Kartana</span>'s Beast Boost!]</small></div><div class="battle-history"><small><span class="battle-nickname" title="Kartana">Kartana</span>'s Attack rose! </small></div><div class="spacer battle-history"></div><div class="battle-history"><small><span class="battle-nickname" title="Kartana">Kartana</span> restored HP using its Grassy Terrain!</small></div><div class="battle-history"><small>The grass disappeared from the battlefield.</small></div><div class="spacer battle-history"></div><div class="battle-history">lyb0768 sent out Lopunny!</div><h2 class="battle-history">Turn 15</h2><div class="spacer battle-history"></div><div class="battle-history"><span class="battle-nickname" title="Kartana">Kartana</span>, come back!</div><div class="battle-history">Go! Celesteela!</div><div class="battle-history"><small>Pointed stones dug into <span class="battle-nickname" title="Celesteela">Celesteela</span>! </small></div><div class="battle-history"><small>The opposing <span class="battle-nickname-foe" title="Lopunny">Lopunny</span>'s Lopunnite is reacting to the Key Stone!<br>The opposing <span class="battle-nickname-foe" title="Lopunny">Lopunny</span> has Mega Evolved into Mega Lopunny!</small></div><div class="spacer battle-history"></div><div class="battle-history">The opposing <span class="battle-nickname-foe" title="Lopunny-Mega">Lopunny</span> used <strong>Power-Up Punch</strong>!</div><div class="battle-history"><small><span class="battle-nickname" title="Celesteela">Celesteela</span> lost <abbr title="−60/397">15.1%</abbr> of its health!</small><br></div><div class="battle-history"><small>The opposing <span class="battle-nickname-foe" title="Lopunny-Mega">Lopunny</span>'s Attack rose! </small></div><div class="spacer battle-history"></div><div class="battle-history"><small><span class="battle-nickname" title="Celesteela">Celesteela</span> restored a little HP using its Leftovers!</small></div><h2 class="battle-history">Turn 16</h2><div class="spacer battle-history"></div><div class="battle-history"><span class="battle-nickname" title="Celesteela">Celesteela</span> used <strong>Protect</strong>!</div><div class="battle-history"><small><span class="battle-nickname" title="Celesteela">Celesteela</span> protected itself!</small></div><div class="spacer battle-history"></div><div class="battle-history">The opposing <span class="battle-nickname-foe" title="Lopunny-Mega">Lopunny</span> used <strong>High Jump Kick</strong>!</div><div class="battle-history"><small><span class="battle-nickname" title="Celesteela">Celesteela</span> protected itself!</small></div><div class="battle-history"><small>The opposing <span class="battle-nickname-foe" title="Lopunny-Mega">Lopunny</span> kept going and crashed!</small></div><div class="spacer battle-history"></div><div class="battle-history"><small><span class="battle-nickname" title="Celesteela">Celesteela</span> restored a little HP using its Leftovers!</small></div><h2 class="battle-history">Turn 17</h2><div class="spacer battle-history"></div><div class="battle-history"><span class="battle-nickname" title="Celesteela">Celesteela</span>, come back!</div><div class="battle-history">Go! Tapu Bulu!</div><div class="battle-history"><small>Pointed stones dug into <span class="battle-nickname" title="Tapu Bulu">Tapu Bulu</span>! </small></div><div class="battle-history"><small><span class="battle-nickname" title="Tapu Bulu">Tapu Bulu</span> is hurt by the spikes! </small></div><div class="battle-history"><small>[<span class="battle-nickname" title="Tapu Bulu">Tapu Bulu</span>'s Grassy Surge!]</small></div><div class="battle-history"><small>Grass grew to cover the battlefield!</small></div><div class="spacer battle-history"></div><div class="battle-history">The opposing <span class="battle-nickname-foe" title="Lopunny-Mega">Lopunny</span> used <strong>High Jump Kick</strong>!</div><div class="battle-history"><small><span class="battle-nickname" title="Tapu Bulu">Tapu Bulu</span> avoided the attack!</small></div><div class="battle-history"><small>The opposing <span class="battle-nickname-foe" title="Lopunny-Mega">Lopunny</span> kept going and crashed!</small></div><div class="spacer battle-history"></div><div class="battle-history"><small>The opposing <span class="battle-nickname-foe" title="Lopunny-Mega">Lopunny</span> restored HP using its Grassy Terrain!</small></div><div class="battle-history"><small><span class="battle-nickname" title="Tapu Bulu">Tapu Bulu</span> restored HP using its Grassy Terrain!</small></div><h2 class="battle-history">Turn 18</h2><div class="chat chatmessage-assgrabbin mine"><strong style="color:hsl(288,53%,50.76834925547986%);"><small>☆</small><span class="username" data-name="ass grabbin">ass grabbin</span>:</strong> <em>shit :(</em></div><div class="spacer battle-history"></div><div class="battle-history">The opposing <span class="battle-nickname-foe" title="Lopunny-Mega">Lopunny</span> used <strong>Return</strong>!</div><div class="battle-history"><small><span class="battle-nickname" title="Tapu Bulu">Tapu Bulu</span> lost <abbr title="−221/343">64.4%</abbr> of its health!</small><br></div><div class="spacer battle-history"></div><div class="battle-history"><span class="battle-nickname" title="Tapu Bulu">Tapu Bulu</span> fainted!</div><div class="spacer battle-history"></div><div class="battle-history"><small>The opposing <span class="battle-nickname-foe" title="Lopunny-Mega">Lopunny</span> restored HP using its Grassy Terrain!</small></div><div class="spacer battle-history"></div><div class="battle-history">Go! Nihilego!</div><div class="battle-history"><small><span class="battle-nickname" title="Nihilego">Nihilego</span> is hurt by the spikes! </small></div><div class="battle-history"><small>Pointed stones dug into <span class="battle-nickname" title="Nihilego">Nihilego</span>! </small></div><h2 class="battle-history">Turn 19</h2><div class="chat message-error">lyb0768 has 135 seconds left.</div><div class="spacer battle-history"></div><div class="battle-history">lyb0768 withdrew <span class="battle-nickname-foe" title="Lopunny-Mega">Lopunny <small>(Lopunny-Mega)</small></span>!</div><div class="battle-history">lyb0768 sent out Zygarde!</div><div class="battle-history"><small>[Opposing <span class="battle-nickname-foe" title="Zygarde">Zygarde</span>'s Aura Break!]</small></div><div class="battle-history"><small>The opposing <span class="battle-nickname-foe" title="Zygarde">Zygarde</span> reversed all other Pokémon's auras!</small></div><div class="spacer battle-history"></div><div class="battle-history"><span class="battle-nickname" title="Nihilego">Nihilego</span> used <strong>Hidden Power</strong>!</div><div class="battle-history"><small>It's super effective! <br></small><small>The opposing <span class="battle-nickname-foe" title="Zygarde">Zygarde</span> lost 76% of its health!</small><br></div><div class="battle-history"><small>The opposing <span class="battle-nickname-foe" title="Zygarde">Zygarde</span>'s Weakness Policy activated!</small></div><div class="battle-history"><small>The opposing <span class="battle-nickname-foe" title="Zygarde">Zygarde</span>'s Attack rose sharply! <br>The opposing <span class="battle-nickname-foe" title="Zygarde">Zygarde</span>'s Special Attack rose sharply! </small></div><div class="spacer battle-history"></div><div class="battle-history"><small><span class="battle-nickname" title="Nihilego">Nihilego</span> restored HP using its Grassy Terrain!</small></div><div class="battle-history"><small>The opposing <span class="battle-nickname-foe" title="Zygarde">Zygarde</span> restored HP using its Grassy Terrain!</small></div><h2 class="battle-history">Turn 20</h2><div class="spacer battle-history"></div><div class="battle-history">lyb0768 withdrew Zygarde!</div><div class="battle-history">lyb0768 sent out Tapu Koko!</div><div class="battle-history"><small>[Opposing <span class="battle-nickname-foe" title="Tapu Koko">Tapu Koko</span>'s Electric Surge!]</small></div><div class="battle-history"><small>An electric current runs across the battlefield!</small></div><div class="spacer battle-history"></div><div class="battle-history"><span class="battle-nickname" title="Nihilego">Nihilego</span> used <strong>Hidden Power</strong>!</div><div class="battle-history"><small>The opposing <span class="battle-nickname-foe" title="Tapu Koko">Tapu Koko</span> lost 29% of its health!</small><br></div><h2 class="battle-history">Turn 21</h2><div class="chat message-error">ass grabbin has 135 seconds left.</div><div class="chat message-error">ass grabbin has 120 seconds left.</div><div class="spacer battle-history"></div><div class="battle-history"><span class="battle-nickname" title="Nihilego">Nihilego</span>, come back!</div><div class="battle-history">Go! Kartana!</div><div class="battle-history"><small><span class="battle-nickname" title="Kartana">Kartana</span> is hurt by the spikes! </small></div><div class="battle-history"><small>Pointed stones dug into <span class="battle-nickname" title="Kartana">Kartana</span>! </small></div><div class="spacer battle-history"></div><div class="battle-history">The opposing <span class="battle-nickname-foe" title="Tapu Koko">Tapu Koko</span> used <strong>Volt Switch</strong>!</div><div class="battle-history"><small>It's not very effective... <br></small><small><span class="battle-nickname" title="Kartana">Kartana</span> lost <abbr title="−185/259">71.4%</abbr> of its health!</small><br></div><div class="spacer battle-history"></div><div class="battle-history">The opposing <span class="battle-nickname-foe" title="Tapu Koko">Tapu Koko</span> went back to lyb0768!</div><div class="battle-history">lyb0768 sent out <span class="battle-nickname-foe" title="Lopunny-Mega">Lopunny <small>(Lopunny-Mega)</small></span>!</div><h2 class="battle-history">Turn 22</h2><div class="spacer battle-history"></div><div class="battle-history">The opposing <span class="battle-nickname-foe" title="Lopunny-Mega">Lopunny</span> used <strong>Power-Up Punch</strong>!</div><div class="battle-history"><small>It's super effective! <br></small><small><span class="battle-nickname" title="Kartana">Kartana</span> lost <abbr title="−10/259">3.9%</abbr> of its health!</small><br></div><div class="battle-history"><small>The opposing <span class="battle-nickname-foe" title="Lopunny-Mega">Lopunny</span>'s Attack rose! </small></div><div class="spacer battle-history"></div><div class="battle-history"><span class="battle-nickname" title="Kartana">Kartana</span> fainted!</div><div class="spacer battle-history"></div><div class="battle-history">Go! <span class="battle-nickname" title="Greninja-Ash">Greninja <small>(Greninja-Ash)</small></span>!</div><div class="battle-history"><small><span class="battle-nickname" title="Greninja-Ash">Greninja</span> is hurt by the spikes! </small></div><div class="battle-history"><small>Pointed stones dug into <span class="battle-nickname" title="Greninja-Ash">Greninja</span>! </small></div><h2 class="battle-history">Turn 23</h2><div class="spacer battle-history"></div><div class="battle-history"><span class="battle-nickname" title="Greninja-Ash">Greninja</span> used <strong>Water Shuriken</strong>!</div><div class="battle-history"><small>The opposing <span class="battle-nickname-foe" title="Lopunny-Mega">Lopunny</span> lost 13% of its health!</small><br></div><div class="battle-history"><small>Hit 1 time!</small></div><div class="spacer battle-history"></div><div class="battle-history">The opposing <span class="battle-nickname-foe" title="Lopunny-Mega">Lopunny</span> fainted!</div><div class="spacer battle-history"></div><div class="battle-history">lyb0768 sent out Tapu Koko!</div><h2 class="battle-history">Turn 24</h2><div class="spacer battle-history"></div><div class="battle-history"><span class="battle-nickname" title="Greninja-Ash">Greninja</span> used <strong>Water Shuriken</strong>!</div><div class="battle-history"><small>The opposing <span class="battle-nickname-foe" title="Tapu Koko">Tapu Koko</span> lost 27% of its health!</small><br></div><div class="battle-history"><small>The opposing <span class="battle-nickname-foe" title="Tapu Koko">Tapu Koko</span> lost 27% of its health!</small><br></div><div class="battle-history"><small>The opposing <span class="battle-nickname-foe" title="Tapu Koko">Tapu Koko</span> lost 17% of its health!</small><br></div><div class="battle-history"><small>Hit 3 times!</small></div><div class="spacer battle-history"></div><div class="battle-history">The opposing <span class="battle-nickname-foe" title="Tapu Koko">Tapu Koko</span> fainted!</div><div class="spacer battle-history"></div><div class="battle-history"><small>The electricity disappeared from the battlefield.</small></div><div class="battle-history"><small>lyb0768 forfeited.</small></div><div class="spacer battle-history"></div><div class="battle-history">ass grabbin won the battle!</div><div class="chat">Ladder updating...</div><div class="chat"><small>☆lyb0768 left.</small></div><div class="chat">lyb0768's rating: 1761 → <strong>1740</strong><br>(-21 for losing)</div><div class="chat">ass grabbin's rating: 1739 → <strong>1761</strong><br>(+22 for winning)</div></div></div>
</div>
<script>
var daily = Math.floor(Date.now()/1000/60/60/24);document.write('<script src="https://play.pokemonshowdown.com/js/replay-embed.js?version'+daily+'"></'+'script>');
</script>
