<!DOCTYPE html>
<meta charset="utf-8" />
<!-- version 1 -->
<title>[Gen 7] OU replay: ass grabbin vs. anne3</title>
<style>
html,body {font-family:Verdana, sans-serif;font-size:10pt;margin:0;padding:0;}body{padding:12px 0;} .battle-log {font-family:Verdana, sans-serif;font-size:10pt;} .battle-log-inline {border:1px solid #AAAAAA;background:#EEF2F5;color:black;max-width:640px;margin:0 auto 80px;padding-bottom:5px;} .battle-log .inner {padding:4px 8px 0px 8px;} .battle-log .inner-preempt {padding:0 8px 4px 8px;} .battle-log .inner-after {margin-top:0.5em;} .battle-log h2 {margin:0.5em -8px;padding:4px 8px;border:1px solid #AAAAAA;background:#E0E7EA;border-left:0;border-right:0;font-family:Verdana, sans-serif;font-size:13pt;} .battle-log .chat {vertical-align:middle;padding:3px 0 3px 0;font-size:8pt;} .battle-log .chat strong {color:#40576A;} .battle-log .chat em {padding:1px 4px 1px 3px;color:#000000;font-style:normal;} .chat.mine {background:rgba(0,0,0,0.05);margin-left:-8px;margin-right:-8px;padding-left:8px;padding-right:8px;} .spoiler {color:#BBBBBB;background:#BBBBBB;padding:0px 3px;} .spoiler:hover, .spoiler:active, .spoiler-shown {color:#000000;background:#E2E2E2;padding:0px 3px;} .spoiler a {color:#BBBBBB;} .spoiler:hover a, .spoiler:active a, .spoiler-shown a {color:#2288CC;} .chat code, .chat .spoiler:hover code, .chat .spoiler:active code, .chat .spoiler-shown code {border:1px solid #C0C0C0;background:#EEEEEE;color:black;padding:0 2px;} .chat .spoiler code {border:1px solid #CCCCCC;background:#CCCCCC;color:#CCCCCC;} .battle-log .rated {padding:3px 4px;} .battle-log .rated strong {color:white;background:#89A;padding:1px 4px;border-radius:4px;} .spacer {margin-top:0.5em;} .message-announce {background:#6688AA;color:white;padding:1px 4px 2px;} .message-announce a, .broadcast-green a, .broadcast-blue a, .broadcast-red a {color:#DDEEFF;} .broadcast-green {background-color:#559955;color:white;padding:2px 4px;} .broadcast-blue {background-color:#6688AA;color:white;padding:2px 4px;} .infobox {border:1px solid #6688AA;padding:2px 4px;} .infobox-limited {max-height:200px;overflow:auto;overflow-x:hidden;} .broadcast-red {background-color:#AA5544;color:white;padding:2px 4px;} .message-learn-canlearn {font-weight:bold;color:#228822;text-decoration:underline;} .message-learn-cannotlearn {font-weight:bold;color:#CC2222;text-decoration:underline;} .message-effect-weak {font-weight:bold;color:#CC2222;} .message-effect-resist {font-weight:bold;color:#6688AA;} .message-effect-immune {font-weight:bold;color:#666666;} .message-learn-list {margin-top:0;margin-bottom:0;} .message-throttle-notice, .message-error {color:#992222;} .message-overflow, .chat small.message-overflow {font-size:0pt;} .message-overflow::before {font-size:9pt;content:'...';} .subtle {color:#3A4A66;}
</style>
<div class="wrapper replay-wrapper" style="max-width:1180px;margin:0 auto">
<input type="hidden" name="replayid" value="gen7ou-733987354" />
<div class="battle"></div><div class="battle-log"></div><div class="replay-controls"></div><div class="replay-controls-2"></div>
<h1 style="font-weight:normal;text-align:center"><strong>[Gen 7] OU</strong><br /><a href="http://pokemonshowdown.com/users/assgrabbin" class="subtle" target="_blank">ass grabbin</a> vs. <a href="http://pokemonshowdown.com/users/anne3" class="subtle" target="_blank">anne3</a></h1>
<script type="text/plain" class="battle-log-data">|j|☆ass grabbin


|j|☆anne3



|player|p1|ass grabbin|70



|player|p2|anne3|1
|teamsize|p1|6
|teamsize|p2|6
|gametype|singles
|gen|7
|tier|[Gen 7] OU
|rated|
|seed|
|rule|Sleep Clause Mod: Limit one foe put to sleep
|rule|Species Clause: Limit one of each Pokémon
|rule|OHKO Clause: OHKO moves are banned
|rule|Moody Clause: Moody is banned
|rule|Evasion Moves Clause: Evasion moves are banned
|rule|Endless Battle Clause: Forcing endless battles is banned
|rule|HP Percentage Mod: HP is shown in percentages
|clearpoke
|poke|p1|Zapdos|item
|poke|p1|Garchomp, M|item
|poke|p1|Greninja, M|item
|poke|p1|Nihilego|item
|poke|p1|Ferrothorn, F|item
|poke|p1|Scizor, M|item
|poke|p2|Mawile, M|item
|poke|p2|Vaporeon, M|item
|poke|p2|Tapu Lele|item
|poke|p2|Eelektross, M|item
|poke|p2|Landorus-Therian, M|item
|poke|p2|Chansey, F|item
|teampreview


|inactive|Time left: 150 sec this turn | 220 sec total


|inactive|Battle timer is ON: inactive players will automatically lose when time's up. (requested by ass grabbin)



|
|start
|switch|p1a: Bodak Yellow|Zapdos|383\/383
|switch|p2a: Tapu Lele|Tapu Lele|100\/100
|-fieldstart|move: Psychic Terrain|[from] ability: Psychic Surge|[of] p2a: Tapu Lele
|turn|1


|inactive|Time left: 150 sec this turn | 230 sec total


|inactive|anne3 has 135 seconds left.



|
|switch|p1a: Whips don't lie|Ferrothorn, F|352\/352
|move|p2a: Tapu Lele|Psychic|p1a: Whips don't lie
|-resisted|p1a: Whips don't lie
|-damage|p1a: Whips don't lie|254\/352
|
|-heal|p1a: Whips don't lie|276\/352|[from] item: Leftovers
|upkeep
|turn|2


|inactive|Time left: 150 sec this turn | 240 sec total


|
|move|p2a: Tapu Lele|Psychic|p1a: Whips don't lie
|-resisted|p1a: Whips don't lie
|-damage|p1a: Whips don't lie|181\/352
|move|p1a: Whips don't lie|Stealth Rock|p2a: Tapu Lele
|-sidestart|p2: anne3|move: Stealth Rock
|
|-heal|p1a: Whips don't lie|203\/352|[from] item: Leftovers
|upkeep
|turn|3


|inactive|Time left: 150 sec this turn | 245 sec total


|inactive|anne3 has 135 seconds left.



|
|switch|p2a: Eelektross|Eelektross, M|100\/100
|-damage|p2a: Eelektross|88\/100|[from] Stealth Rock
|move|p1a: Whips don't lie|Power Whip|p2a: Eelektross
|-damage|p2a: Eelektross|41\/100
|
|-heal|p1a: Whips don't lie|225\/352|[from] item: Leftovers
|upkeep
|turn|4


|inactive|Time left: 150 sec this turn | 255 sec total


|
|switch|p1a: R34 Lusamine|Nihilego|360\/360
|move|p2a: Eelektross|Fire Punch|p1a: R34 Lusamine
|-resisted|p1a: R34 Lusamine
|-damage|p1a: R34 Lusamine|277\/360
|
|upkeep
|turn|5


|inactive|Time left: 150 sec this turn | 260 sec total


|
|move|p1a: R34 Lusamine|Power Gem|p2a: Eelektross
|-damage|p2a: Eelektross|10\/100
|move|p2a: Eelektross|Superpower|p1a: R34 Lusamine
|-damage|p1a: R34 Lusamine|19\/360
|-unboost|p2a: Eelektross|atk|1
|-unboost|p2a: Eelektross|def|1
|
|-fieldend|move: Psychic Terrain
|upkeep
|turn|6


|inactive|Time left: 150 sec this turn | 265 sec total


|inactive|anne3 has 135 seconds left.



|
|switch|p2a: Chansey|Chansey, F|100\/100
|-damage|p2a: Chansey|88\/100|[from] Stealth Rock
|move|p1a: R34 Lusamine|Power Gem|p2a: Chansey
|-damage|p2a: Chansey|78\/100
|
|upkeep
|turn|7


|inactive|Time left: 150 sec this turn | 265 sec total


|
|switch|p1a: Swords Dance|Scizor, M|344\/344
|move|p2a: Chansey|Stealth Rock|p1a: Swords Dance
|-sidestart|p1: ass grabbin|move: Stealth Rock
|
|upkeep
|turn|8


|inactive|Time left: 150 sec this turn | 275 sec total


|
|switch|p2a: Vaporeon|Vaporeon, M|100\/100
|-damage|p2a: Vaporeon|88\/100|[from] Stealth Rock
|-mega|p1a: Swords Dance|Scizor|Scizorite
|detailschange|p1a: Swords Dance|Scizor-Mega, M
|move|p1a: Swords Dance|Knock Off|p2a: Vaporeon
|-damage|p2a: Vaporeon|55\/100
|-enditem|p2a: Vaporeon|Leftovers|[from] move: Knock Off|[of] p1a: Swords Dance
|
|upkeep
|turn|9


|inactive|Time left: 150 sec this turn | 275 sec total


|inactive|anne3 has 135 seconds left.



|
|switch|p1a: Whips don't lie|Ferrothorn, F|225\/352
|-damage|p1a: Whips don't lie|203\/352|[from] Stealth Rock
|move|p2a: Vaporeon|Yawn|p1a: Whips don't lie
|-start|p1a: Whips don't lie|move: Yawn|[of] p2a: Vaporeon
|
|-heal|p1a: Whips don't lie|225\/352|[from] item: Leftovers
|upkeep
|turn|10


|inactive|Time left: 150 sec this turn | 285 sec total


|inactive|ass grabbin has 135 seconds left.



|inactive|ass grabbin has 120 seconds left.



|inactive|anne3 has 135 seconds left.



|
|move|p2a: Vaporeon|Protect|p2a: Vaporeon
|-singleturn|p2a: Vaporeon|Protect
|move|p1a: Whips don't lie|Thunder Wave|p2a: Vaporeon
|-activate|p2a: Vaporeon|move: Protect
|
|-end|p1a: Whips don't lie|move: Yawn|[silent]
|-status|p1a: Whips don't lie|slp
|-heal|p1a: Whips don't lie|247\/352 slp|[from] item: Leftovers
|upkeep
|turn|11


|inactive|Time left: 150 sec this turn | 265 sec total


|
|switch|p1a: Zygarde sux|Garchomp, M|357\/357
|-damage|p1a: Zygarde sux|335\/357|[from] Stealth Rock
|move|p2a: Vaporeon|Heal Bell|p2a: Vaporeon
|-activate|p2a: Vaporeon|move: Heal Bell
|-fail|p2a: Vaporeon
|
|upkeep
|turn|12


|inactive|Time left: 150 sec this turn | 270 sec total


|inactive|anne3 has 135 seconds left.



|
|-zpower|p1a: Zygarde sux
|move|p1a: Zygarde sux|Devastating Drake|p2a: Vaporeon|[zeffect]
|-damage|p2a: Vaporeon|0 fnt
|faint|p2a: Vaporeon
|
|upkeep


|inactive|Time left: 150 sec this turn | 280 sec total


|inactive|anne3 has 135 seconds left.



|
|switch|p2a: Tapu Lele|Tapu Lele|100\/100
|-damage|p2a: Tapu Lele|88\/100|[from] Stealth Rock
|-fieldstart|move: Psychic Terrain|[from] ability: Psychic Surge|[of] p2a: Tapu Lele
|turn|13


|inactive|Time left: 150 sec this turn | 290 sec total


|inactive|ass grabbin has 135 seconds left.



|
|switch|p1a: Whips don't lie|Ferrothorn, F|247\/352 slp
|-damage|p1a: Whips don't lie|225\/352 slp|[from] Stealth Rock
|move|p2a: Tapu Lele|Psychic|p1a: Whips don't lie
|-resisted|p1a: Whips don't lie
|-damage|p1a: Whips don't lie|136\/352 slp
|
|-heal|p1a: Whips don't lie|158\/352 slp|[from] item: Leftovers
|upkeep
|turn|14


|inactive|Time left: 150 sec this turn | 280 sec total


|
|move|p2a: Tapu Lele|Psychic|p1a: Whips don't lie
|-resisted|p1a: Whips don't lie
|-damage|p1a: Whips don't lie|66\/352 slp
|cant|p1a: Whips don't lie|slp
|
|-heal|p1a: Whips don't lie|88\/352 slp|[from] item: Leftovers
|upkeep
|turn|15


|inactive|Time left: 150 sec this turn | 285 sec total


|inactive|anne3 has 135 seconds left.



|
|switch|p2a: Mawile|Mawile, M|100\/100
|-damage|p2a: Mawile|94\/100|[from] Stealth Rock
|-ability|p2a: Mawile|Intimidate|boost
|-unboost|p1a: Whips don't lie|atk|1
|cant|p1a: Whips don't lie|slp
|
|-heal|p1a: Whips don't lie|110\/352 slp|[from] item: Leftovers
|upkeep
|turn|16


|inactive|Time left: 150 sec this turn | 285 sec total


|
|switch|p1a: Zygarde sux|Garchomp, M|335\/357
|-damage|p1a: Zygarde sux|313\/357|[from] Stealth Rock
|-mega|p2a: Mawile|Mawile|Mawilite
|detailschange|p2a: Mawile|Mawile-Mega, M
|move|p2a: Mawile|Fire Fang|p1a: Zygarde sux
|-resisted|p1a: Zygarde sux
|-damage|p1a: Zygarde sux|243\/357
|-damage|p2a: Mawile|82\/100|[from] ability: Rough Skin|[of] p1a: Zygarde sux
|-status|p1a: Zygarde sux|brn
|
|-damage|p1a: Zygarde sux|221\/357 brn|[from] brn
|upkeep
|turn|17


|inactive|Time left: 150 sec this turn | 295 sec total


|inactive|anne3 has 135 seconds left.



|inactive|anne3 has 120 seconds left.



|
|move|p1a: Zygarde sux|Earthquake|p2a: Mawile
|-supereffective|p2a: Mawile
|-damage|p2a: Mawile|32\/100
|move|p2a: Mawile|Play Rough|p1a: Zygarde sux
|-supereffective|p1a: Zygarde sux
|-damage|p1a: Zygarde sux|0 fnt
|-damage|p2a: Mawile|20\/100|[from] ability: Rough Skin|[of] p1a: Zygarde sux
|faint|p1a: Zygarde sux
|
|-fieldend|move: Psychic Terrain
|upkeep


|inactive|Time left: 150 sec this turn | 300 sec total


|
|switch|p1a: Swords Dance|Scizor-Mega, M|344\/344
|-damage|p1a: Swords Dance|301\/344|[from] Stealth Rock
|turn|18


|inactive|Time left: 150 sec this turn | 305 sec total


|
|move|p1a: Swords Dance|Bullet Punch|p2a: Mawile
|-damage|p2a: Mawile|0 fnt
|faint|p2a: Mawile
|
|upkeep


|inactive|Time left: 150 sec this turn | 310 sec total


|
|switch|p2a: Landorus|Landorus-Therian, M|100\/100
|-damage|p2a: Landorus|88\/100|[from] Stealth Rock
|-ability|p2a: Landorus|Intimidate|boost
|-unboost|p1a: Swords Dance|atk|1
|turn|19


|inactive|Time left: 150 sec this turn | 320 sec total


|
|switch|p1a: Whips don't lie|Ferrothorn, F|110\/352 slp
|-damage|p1a: Whips don't lie|88\/352 slp|[from] Stealth Rock
|move|p2a: Landorus|Earthquake|p1a: Whips don't lie
|-damage|p1a: Whips don't lie|0 fnt
|faint|p1a: Whips don't lie
|
|upkeep


|inactive|Time left: 150 sec this turn | 325 sec total


|
|switch|p1a: Bodak Yellow|Zapdos|383\/383
|-damage|p1a: Bodak Yellow|288\/383|[from] Stealth Rock
|turn|20


|inactive|Time left: 150 sec this turn | 330 sec total


|
|switch|p2a: Chansey|Chansey, F|78\/100
|-damage|p2a: Chansey|66\/100|[from] Stealth Rock
|move|p1a: Bodak Yellow|Defog|p2a: Chansey
|-unboost|p2a: Chansey|evasion|1
|-sideend|p2: anne3|Stealth Rock|[from] move: Defog|[of] p2a: Chansey
|-sideend|p1: ass grabbin|Stealth Rock|[from] move: Defog|[of] p1a: Bodak Yellow
|
|-heal|p1a: Bodak Yellow|311\/383|[from] item: Leftovers
|upkeep
|turn|21


|inactive|Time left: 150 sec this turn | 340 sec total


|inactive|anne3 has 135 seconds left.



|
|switch|p1a: Swords Dance|Scizor-Mega, M|301\/344
|move|p2a: Chansey|Stealth Rock|p1a: Swords Dance
|-sidestart|p1: ass grabbin|move: Stealth Rock
|
|upkeep
|turn|22


|inactive|Time left: 150 sec this turn | 350 sec total


|inactive|anne3 has 135 seconds left.



|
|switch|p2a: Landorus|Landorus-Therian, M|88\/100
|-ability|p2a: Landorus|Intimidate|boost
|-unboost|p1a: Swords Dance|atk|1
|move|p1a: Swords Dance|Knock Off|p2a: Landorus
|-damage|p2a: Landorus|67\/100
|
|upkeep
|turn|23


|inactive|Time left: 150 sec this turn | 360 sec total


|
|switch|p1a: Bodak Yellow|Zapdos|311\/383
|-damage|p1a: Bodak Yellow|216\/383|[from] Stealth Rock
|move|p2a: Landorus|Knock Off|p1a: Bodak Yellow
|-damage|p1a: Bodak Yellow|95\/383
|-status|p2a: Landorus|par|[from] ability: Static|[of] p1a: Bodak Yellow
|-enditem|p1a: Bodak Yellow|Leftovers|[from] move: Knock Off|[of] p2a: Landorus
|
|upkeep
|turn|24


|inactive|Time left: 150 sec this turn | 365 sec total


|inactive|anne3 has 135 seconds left.



|
|move|p1a: Bodak Yellow|Defog|p2a: Landorus
|-unboost|p2a: Landorus|evasion|1
|-sideend|p1: ass grabbin|Stealth Rock|[from] move: Defog|[of] p1a: Bodak Yellow
|move|p2a: Landorus|Earthquake|p1a: Bodak Yellow
|-immune|p1a: Bodak Yellow|[msg]
|
|upkeep
|turn|25


|inactive|Time left: 150 sec this turn | 375 sec total


|inactive|anne3 has 135 seconds left.



|
|switch|p2a: Tapu Lele|Tapu Lele|88\/100
|-fieldstart|move: Psychic Terrain|[from] ability: Psychic Surge|[of] p2a: Tapu Lele
|move|p1a: Bodak Yellow|Heat Wave|p2a: Tapu Lele
|-damage|p2a: Tapu Lele|60\/100
|
|upkeep
|turn|26


|inactive|Time left: 150 sec this turn | 380 sec total


|inactive|anne3 has 135 seconds left.



|
|move|p2a: Tapu Lele|Psychic|p1a: Bodak Yellow
|-damage|p1a: Bodak Yellow|0 fnt
|faint|p1a: Bodak Yellow
|
|upkeep


|inactive|Time left: 150 sec this turn | 390 sec total


|
|switch|p1a: Swords Dance|Scizor-Mega, M|301\/344
|turn|27


|inactive|Time left: 150 sec this turn | 400 sec total


|
|move|p2a: Tapu Lele|Psychic|p1a: Swords Dance
|-resisted|p1a: Swords Dance
|-damage|p1a: Swords Dance|179\/344
|move|p1a: Swords Dance|Swords Dance|p1a: Swords Dance
|-boost|p1a: Swords Dance|atk|2
|
|upkeep
|turn|28


|inactive|Time left: 150 sec this turn | 410 sec total


|
|move|p2a: Tapu Lele|Psychic|p1a: Swords Dance
|-resisted|p1a: Swords Dance
|-damage|p1a: Swords Dance|56\/344
|move|p1a: Swords Dance|Roost|p1a: Swords Dance
|-heal|p1a: Swords Dance|228\/344
|
|upkeep
|turn|29


|inactive|Time left: 150 sec this turn | 420 sec total


|
|switch|p2a: Landorus|Landorus-Therian, M|67\/100 par
|-ability|p2a: Landorus|Intimidate|boost
|-unboost|p1a: Swords Dance|atk|1
|move|p1a: Swords Dance|Roost|p1a: Swords Dance
|-heal|p1a: Swords Dance|344\/344
|
|-fieldend|move: Psychic Terrain
|upkeep
|turn|30


|inactive|Time left: 150 sec this turn | 430 sec total


|inactive|anne3 has 135 seconds left.



|
|switch|p2a: Tapu Lele|Tapu Lele|60\/100
|-fieldstart|move: Psychic Terrain|[from] ability: Psychic Surge|[of] p2a: Tapu Lele
|move|p1a: Swords Dance|Bullet Punch|p2a: Tapu Lele
|-activate|p2a: Tapu Lele|move: Psychic Terrain
|
|upkeep
|turn|31


|inactive|Time left: 150 sec this turn | 440 sec total


|
|switch|p2a: Landorus|Landorus-Therian, M|67\/100 par
|-ability|p2a: Landorus|Intimidate|boost
|-unboost|p1a: Swords Dance|atk|1
|switch|p1a: Flexicution|Greninja, M|285\/285
|
|upkeep
|turn|32


|inactive|Time left: 150 sec this turn | 450 sec total


|
|switch|p2a: Chansey|Chansey, F|66\/100
|move|p1a: Flexicution|Hydro Pump|p2a: Chansey
|-damage|p2a: Chansey|49\/100
|
|upkeep
|turn|33


|inactive|Time left: 150 sec this turn | 455 sec total


|inactive|anne3 has 135 seconds left.



|
|switch|p1a: Swords Dance|Scizor-Mega, M|344\/344
|move|p2a: Chansey|Stealth Rock|p1a: Swords Dance
|-sidestart|p1: ass grabbin|move: Stealth Rock
|
|upkeep
|turn|34


|inactive|Time left: 150 sec this turn | 460 sec total


|
|switch|p2a: Eelektross|Eelektross, M|10\/100
|move|p1a: Swords Dance|Swords Dance|p1a: Swords Dance
|-boost|p1a: Swords Dance|atk|2
|
|-fieldend|move: Psychic Terrain
|upkeep
|turn|35


|inactive|Time left: 150 sec this turn | 470 sec total


|inactive|anne3 has 135 seconds left.



|
|move|p1a: Swords Dance|Bullet Punch|p2a: Eelektross
|-resisted|p2a: Eelektross
|-damage|p2a: Eelektross|0 fnt
|faint|p2a: Eelektross
|
|upkeep


|inactive|Time left: 150 sec this turn | 475 sec total


|
|switch|p2a: Tapu Lele|Tapu Lele|60\/100
|-fieldstart|move: Psychic Terrain|[from] ability: Psychic Surge|[of] p2a: Tapu Lele
|turn|36


|inactive|Time left: 150 sec this turn | 485 sec total


|
|switch|p2a: Landorus|Landorus-Therian, M|67\/100 par
|-ability|p2a: Landorus|Intimidate|boost
|-unboost|p1a: Swords Dance|atk|1
|move|p1a: Swords Dance|Knock Off|p2a: Landorus
|-damage|p2a: Landorus|16\/100 par
|
|upkeep
|turn|37


|inactive|Time left: 150 sec this turn | 495 sec total


|inactive|anne3 has 135 seconds left.



|
|move|p1a: Swords Dance|Bullet Punch|p2a: Landorus
|-damage|p2a: Landorus|0 fnt
|faint|p2a: Landorus
|
|upkeep


|inactive|Time left: 150 sec this turn | 500 sec total


|
|switch|p2a: Chansey|Chansey, F|49\/100
|turn|38


|inactive|Time left: 150 sec this turn | 510 sec total


|
|move|p1a: Swords Dance|Swords Dance|p1a: Swords Dance
|-boost|p1a: Swords Dance|atk|2
|move|p2a: Chansey|Soft-Boiled|p2a: Chansey
|-heal|p2a: Chansey|99\/100
|
|upkeep
|turn|39


|inactive|Time left: 150 sec this turn | 520 sec total


|
|move|p1a: Swords Dance|Swords Dance|p1a: Swords Dance
|-boost|p1a: Swords Dance|atk|2
|move|p2a: Chansey|Seismic Toss|p1a: Swords Dance
|-damage|p1a: Swords Dance|244\/344
|
|upkeep
|turn|40


|inactive|Time left: 150 sec this turn | 525 sec total


|
|move|p1a: Swords Dance|Knock Off|p2a: Chansey
|-damage|p2a: Chansey|0 fnt
|-enditem|p2a: Chansey|Eviolite|[from] move: Knock Off|[of] p1a: Swords Dance
|faint|p2a: Chansey
|
|-fieldend|move: Psychic Terrain
|upkeep


|inactive|Time left: 150 sec this turn | 530 sec total


|
|switch|p2a: Tapu Lele|Tapu Lele|60\/100
|-fieldstart|move: Psychic Terrain|[from] ability: Psychic Surge|[of] p2a: Tapu Lele
|turn|41


|inactive|Time left: 150 sec this turn | 540 sec total


|inactive|anne3 has 135 seconds left.



|inactive|anne3 has 120 seconds left.



|inactive|anne3 has 105 seconds left.



|
|move|p2a: Tapu Lele|Thunderbolt|p1a: Swords Dance
|-damage|p1a: Swords Dance|129\/344
|move|p1a: Swords Dance|Knock Off|p2a: Tapu Lele
|-damage|p2a: Tapu Lele|0 fnt
|-enditem|p2a: Tapu Lele|Choice Scarf|[from] move: Knock Off|[of] p1a: Swords Dance
|faint|p2a: Tapu Lele
|
|win|ass grabbin


|inactive|Time left: 150 sec this turn | 550 sec total

||Ladder updating...


|raw|ass grabbin's rating: 1758 &rarr; <strong>1767<\/strong><br \/>(+9 for winning)
|raw|anne3's rating: 1546 &rarr; <strong>1537<\/strong><br \/>(-9 for losing)



|l|☆anne3

</script>
</div>
<div class="battle-log battle-log-inline"><div class="inner"><div class="chat"><small>☆ass grabbin joined.</small></div><div class="chat"><small>☆anne3 joined.</small></div><div style="padding:5px 0"><small>Format:</small> <br><strong>[Gen 7] OU</strong></div><div class="rated"><strong>Rated battle</strong></div><div><small><em>Sleep Clause Mod:</em> Limit one foe put to sleep</small></div><div><small><em>Species Clause:</em> Limit one of each Pokémon</small></div><div><small><em>OHKO Clause:</em> OHKO moves are banned</small></div><div><small><em>Moody Clause:</em> Moody is banned</small></div><div><small><em>Evasion Moves Clause:</em> Evasion moves are banned</small></div><div><small><em>Endless Battle Clause:</em> Forcing endless battles is banned</small></div><div><small><em>HP Percentage Mod:</em> HP is shown in percentages</small></div><div class="chat"><strong>ass grabbin's team:</strong> <em style="color:#445566;display:block;">Zapdos / Garchomp / Greninja / Nihilego / Ferrothorn / Scizor</em></div><div class="chat"><strong>anne3's team:</strong> <em style="color:#445566;display:block;">Mawile / Vaporeon / Tapu Lele / Eelektross / Landorus-Therian / Chansey</em></div><div class="chat message-error">Battle timer is ON: inactive players will automatically lose when time's up. (requested by ass grabbin)</div><div>Battle between ass grabbin and anne3 started!</div><div class="spacer battle-history"></div><div class="battle-history">Go! <span class="battle-nickname" title="Zapdos">Bodak Yellow <small>(Zapdos)</small></span>!</div><div class="spacer battle-history"></div><div class="battle-history">anne3 sent out Tapu Lele!</div><div class="battle-history"><small>[Opposing <span class="battle-nickname-foe" title="Tapu Lele">Tapu Lele</span>'s Psychic Surge!]</small></div><div class="battle-history"><small>The battlefield got weird!</small></div><h2 class="battle-history">Turn 1</h2><div class="chat message-error">anne3 has 135 seconds left.</div><div class="spacer battle-history"></div><div class="battle-history"><span class="battle-nickname" title="Zapdos">Bodak Yellow</span>, come back!</div><div class="battle-history">Go! <span class="battle-nickname" title="Ferrothorn">Whips don't lie <small>(Ferrothorn)</small></span>!</div><div class="spacer battle-history"></div><div class="battle-history">The opposing <span class="battle-nickname-foe" title="Tapu Lele">Tapu Lele</span> used <strong>Psychic</strong>!</div><div class="battle-history"><small>It's not very effective... <br></small><small><span class="battle-nickname" title="Ferrothorn">Whips don't lie</span> lost <abbr title="−98/352">27.8%</abbr> of its health!</small><br></div><div class="spacer battle-history"></div><div class="battle-history"><small><span class="battle-nickname" title="Ferrothorn">Whips don't lie</span> restored a little HP using its Leftovers!</small></div><h2 class="battle-history">Turn 2</h2><div class="spacer battle-history"></div><div class="battle-history">The opposing <span class="battle-nickname-foe" title="Tapu Lele">Tapu Lele</span> used <strong>Psychic</strong>!</div><div class="battle-history"><small>It's not very effective... <br></small><small><span class="battle-nickname" title="Ferrothorn">Whips don't lie</span> lost <abbr title="−95/352">27.0%</abbr> of its health!</small><br></div><div class="spacer battle-history"></div><div class="battle-history"><span class="battle-nickname" title="Ferrothorn">Whips don't lie</span> used <strong>Stealth Rock</strong>!</div><div class="battle-history"><small>Pointed stones float in the air around the opposing team!</small></div><div class="spacer battle-history"></div><div class="battle-history"><small><span class="battle-nickname" title="Ferrothorn">Whips don't lie</span> restored a little HP using its Leftovers!</small></div><h2 class="battle-history">Turn 3</h2><div class="chat message-error">anne3 has 135 seconds left.</div><div class="spacer battle-history"></div><div class="battle-history">anne3 withdrew Tapu Lele!</div><div class="battle-history">anne3 sent out Eelektross!</div><div class="battle-history"><small>Pointed stones dug into the opposing <span class="battle-nickname-foe" title="Eelektross">Eelektross</span>! </small></div><div class="spacer battle-history"></div><div class="battle-history"><span class="battle-nickname" title="Ferrothorn">Whips don't lie</span> used <strong>Power Whip</strong>!</div><div class="battle-history"><small>The opposing <span class="battle-nickname-foe" title="Eelektross">Eelektross</span> lost 47% of its health!</small><br></div><div class="spacer battle-history"></div><div class="battle-history"><small><span class="battle-nickname" title="Ferrothorn">Whips don't lie</span> restored a little HP using its Leftovers!</small></div><h2 class="battle-history">Turn 4</h2><div class="spacer battle-history"></div><div class="battle-history"><span class="battle-nickname" title="Ferrothorn">Whips don't lie</span>, come back!</div><div class="battle-history">Go! <span class="battle-nickname" title="Nihilego">R34 Lusamine <small>(Nihilego)</small></span>!</div><div class="spacer battle-history"></div><div class="battle-history">The opposing <span class="battle-nickname-foe" title="Eelektross">Eelektross</span> used <strong>Fire Punch</strong>!</div><div class="battle-history"><small>It's not very effective... <br></small><small><span class="battle-nickname" title="Nihilego">R34 Lusamine</span> lost <abbr title="−83/360">23.1%</abbr> of its health!</small><br></div><h2 class="battle-history">Turn 5</h2><div class="spacer battle-history"></div><div class="battle-history"><span class="battle-nickname" title="Nihilego">R34 Lusamine</span> used <strong>Power Gem</strong>!</div><div class="battle-history"><small>The opposing <span class="battle-nickname-foe" title="Eelektross">Eelektross</span> lost 31% of its health!</small><br></div><div class="spacer battle-history"></div><div class="battle-history">The opposing <span class="battle-nickname-foe" title="Eelektross">Eelektross</span> used <strong>Superpower</strong>!</div><div class="battle-history"><small><span class="battle-nickname" title="Nihilego">R34 Lusamine</span> lost <abbr title="−258/360">71.7%</abbr> of its health!</small><br></div><div class="battle-history"><small>The opposing <span class="battle-nickname-foe" title="Eelektross">Eelektross</span>'s Attack fell! <br>The opposing <span class="battle-nickname-foe" title="Eelektross">Eelektross</span>'s Defense fell! </small></div><div class="spacer battle-history"></div><div class="battle-history"><small>The weirdness disappeared from the battlefield!</small></div><h2 class="battle-history">Turn 6</h2><div class="chat message-error">anne3 has 135 seconds left.</div><div class="spacer battle-history"></div><div class="battle-history">anne3 withdrew Eelektross!</div><div class="battle-history">anne3 sent out Chansey!</div><div class="battle-history"><small>Pointed stones dug into the opposing <span class="battle-nickname-foe" title="Chansey">Chansey</span>! </small></div><div class="spacer battle-history"></div><div class="battle-history"><span class="battle-nickname" title="Nihilego">R34 Lusamine</span> used <strong>Power Gem</strong>!</div><div class="battle-history"><small>The opposing <span class="battle-nickname-foe" title="Chansey">Chansey</span> lost 10% of its health!</small><br></div><h2 class="battle-history">Turn 7</h2><div class="spacer battle-history"></div><div class="battle-history"><span class="battle-nickname" title="Nihilego">R34 Lusamine</span>, come back!</div><div class="battle-history">Go! <span class="battle-nickname" title="Scizor">Swords Dance <small>(Scizor)</small></span>!</div><div class="spacer battle-history"></div><div class="battle-history">The opposing <span class="battle-nickname-foe" title="Chansey">Chansey</span> used <strong>Stealth Rock</strong>!</div><div class="battle-history"><small>Pointed stones float in the air around your team!</small></div><h2 class="battle-history">Turn 8</h2><div class="spacer battle-history"></div><div class="battle-history">anne3 withdrew Chansey!</div><div class="battle-history">anne3 sent out Vaporeon!</div><div class="battle-history"><small>Pointed stones dug into the opposing <span class="battle-nickname-foe" title="Vaporeon">Vaporeon</span>! </small></div><div class="battle-history"><small><span class="battle-nickname" title="Scizor">Swords Dance</span>'s Scizorite is reacting to the Key Stone!<br><span class="battle-nickname" title="Scizor">Swords Dance</span> has Mega Evolved into Mega Scizor!</small></div><div class="spacer battle-history"></div><div class="battle-history"><span class="battle-nickname" title="Scizor-Mega">Swords Dance</span> used <strong>Knock Off</strong>!</div><div class="battle-history"><small>The opposing <span class="battle-nickname-foe" title="Vaporeon">Vaporeon</span> lost 33% of its health!</small><br></div><div class="battle-history"><small><span class="battle-nickname" title="Scizor-Mega">Swords Dance</span> knocked off the opposing <span class="battle-nickname-foe" title="Vaporeon">Vaporeon</span>'s Leftovers!</small></div><h2 class="battle-history">Turn 9</h2><div class="chat message-error">anne3 has 135 seconds left.</div><div class="spacer battle-history"></div><div class="battle-history"><span class="battle-nickname" title="Scizor-Mega">Swords Dance</span>, come back!</div><div class="battle-history">Go! <span class="battle-nickname" title="Ferrothorn">Whips don't lie <small>(Ferrothorn)</small></span>!</div><div class="battle-history"><small>Pointed stones dug into <span class="battle-nickname" title="Ferrothorn">Whips don't lie</span>! </small></div><div class="spacer battle-history"></div><div class="battle-history">The opposing <span class="battle-nickname-foe" title="Vaporeon">Vaporeon</span> used <strong>Yawn</strong>!</div><div class="battle-history"><small><span class="battle-nickname" title="Ferrothorn">Whips don't lie</span> grew drowsy!</small></div><div class="spacer battle-history"></div><div class="battle-history"><small><span class="battle-nickname" title="Ferrothorn">Whips don't lie</span> restored a little HP using its Leftovers!</small></div><h2 class="battle-history">Turn 10</h2><div class="chat message-error">ass grabbin has 135 seconds left.</div><div class="chat message-error">ass grabbin has 120 seconds left.</div><div class="chat message-error">anne3 has 135 seconds left.</div><div class="spacer battle-history"></div><div class="battle-history">The opposing <span class="battle-nickname-foe" title="Vaporeon">Vaporeon</span> used <strong>Protect</strong>!</div><div class="battle-history"><small>The opposing <span class="battle-nickname-foe" title="Vaporeon">Vaporeon</span> protected itself!</small></div><div class="spacer battle-history"></div><div class="battle-history"><span class="battle-nickname" title="Ferrothorn">Whips don't lie</span> used <strong>Thunder Wave</strong>!</div><div class="battle-history"><small>The opposing <span class="battle-nickname-foe" title="Vaporeon">Vaporeon</span> protected itself!</small></div><div class="spacer battle-history"></div><div class="battle-history"><small><span class="battle-nickname" title="Ferrothorn">Whips don't lie</span> fell asleep!</small></div><div class="battle-history"><small><span class="battle-nickname" title="Ferrothorn">Whips don't lie</span> restored a little HP using its Leftovers!</small></div><h2 class="battle-history">Turn 11</h2><div class="spacer battle-history"></div><div class="battle-history"><span class="battle-nickname" title="Ferrothorn">Whips don't lie</span>, come back!</div><div class="battle-history">Go! <span class="battle-nickname" title="Garchomp">Zygarde sux <small>(Garchomp)</small></span>!</div><div class="battle-history"><small>Pointed stones dug into <span class="battle-nickname" title="Garchomp">Zygarde sux</span>! </small></div><div class="spacer battle-history"></div><div class="battle-history">The opposing <span class="battle-nickname-foe" title="Vaporeon">Vaporeon</span> used <strong>Heal Bell</strong>!</div><div class="battle-history"><small>A bell chimed!</small></div><div class="battle-history"><small>But it failed!</small></div><h2 class="battle-history">Turn 12</h2><div class="chat message-error">anne3 has 135 seconds left.</div><div class="spacer battle-history"></div><div class="battle-history"><small><span class="battle-nickname" title="Garchomp">Zygarde sux</span> surrounded itself with its Z-Power! </small></div><div class="battle-history"><small><span class="battle-nickname" title="Garchomp">Zygarde sux</span> unleashes its full-force Z-Move!</small></div><div class="battle-history"><span class="battle-nickname" title="Garchomp">Zygarde sux</span> used <strong>Devastating Drake</strong>!</div><div class="battle-history"><small>The opposing <span class="battle-nickname-foe" title="Vaporeon">Vaporeon</span> lost 55% of its health!</small><br></div><div class="spacer battle-history"></div><div class="battle-history">The opposing <span class="battle-nickname-foe" title="Vaporeon">Vaporeon</span> fainted!</div><div class="chat message-error">anne3 has 135 seconds left.</div><div class="spacer battle-history"></div><div class="battle-history">anne3 sent out Tapu Lele!</div><div class="battle-history"><small>Pointed stones dug into the opposing <span class="battle-nickname-foe" title="Tapu Lele">Tapu Lele</span>! </small></div><div class="battle-history"><small>[Opposing <span class="battle-nickname-foe" title="Tapu Lele">Tapu Lele</span>'s Psychic Surge!]</small></div><div class="battle-history"><small>The battlefield got weird!</small></div><h2 class="battle-history">Turn 13</h2><div class="chat message-error">ass grabbin has 135 seconds left.</div><div class="spacer battle-history"></div><div class="battle-history"><span class="battle-nickname" title="Garchomp">Zygarde sux</span>, come back!</div><div class="battle-history">Go! <span class="battle-nickname" title="Ferrothorn">Whips don't lie <small>(Ferrothorn)</small></span>!</div><div class="battle-history"><small>Pointed stones dug into <span class="battle-nickname" title="Ferrothorn">Whips don't lie</span>! </small></div><div class="spacer battle-history"></div><div class="battle-history">The opposing <span class="battle-nickname-foe" title="Tapu Lele">Tapu Lele</span> used <strong>Psychic</strong>!</div><div class="battle-history"><small>It's not very effective... <br></small><small><span class="battle-nickname" title="Ferrothorn">Whips don't lie</span> lost <abbr title="−89/352">25.3%</abbr> of its health!</small><br></div><div class="spacer battle-history"></div><div class="battle-history"><small><span class="battle-nickname" title="Ferrothorn">Whips don't lie</span> restored a little HP using its Leftovers!</small></div><h2 class="battle-history">Turn 14</h2><div class="spacer battle-history"></div><div class="battle-history">The opposing <span class="battle-nickname-foe" title="Tapu Lele">Tapu Lele</span> used <strong>Psychic</strong>!</div><div class="battle-history"><small>It's not very effective... <br></small><small><span class="battle-nickname" title="Ferrothorn">Whips don't lie</span> lost <abbr title="−92/352">26.1%</abbr> of its health!</small><br></div><div class="spacer battle-history"></div><div class="battle-history"><span class="battle-nickname" title="Ferrothorn">Whips don't lie</span> is fast asleep.</div><div class="spacer battle-history"></div><div class="battle-history"><small><span class="battle-nickname" title="Ferrothorn">Whips don't lie</span> restored a little HP using its Leftovers!</small></div><h2 class="battle-history">Turn 15</h2><div class="chat message-error">anne3 has 135 seconds left.</div><div class="spacer battle-history"></div><div class="battle-history">anne3 withdrew Tapu Lele!</div><div class="battle-history">anne3 sent out Mawile!</div><div class="battle-history"><small>Pointed stones dug into the opposing <span class="battle-nickname-foe" title="Mawile">Mawile</span>! </small></div><div class="battle-history"><small>[Opposing <span class="battle-nickname-foe" title="Mawile">Mawile</span>'s Intimidate!]</small></div><div class="battle-history"><small><span class="battle-nickname" title="Ferrothorn">Whips don't lie</span>'s Attack fell! </small></div><div class="spacer battle-history"></div><div class="battle-history"><span class="battle-nickname" title="Ferrothorn">Whips don't lie</span> is fast asleep.</div><div class="spacer battle-history"></div><div class="battle-history"><small><span class="battle-nickname" title="Ferrothorn">Whips don't lie</span> restored a little HP using its Leftovers!</small></div><h2 class="battle-history">Turn 16</h2><div class="spacer battle-history"></div><div class="battle-history"><span class="battle-nickname" title="Ferrothorn">Whips don't lie</span>, come back!</div><div class="battle-history">Go! <span class="battle-nickname" title="Garchomp">Zygarde sux <small>(Garchomp)</small></span>!</div><div class="battle-history"><small>Pointed stones dug into <span class="battle-nickname" title="Garchomp">Zygarde sux</span>! </small></div><div class="battle-history"><small>The opposing <span class="battle-nickname-foe" title="Mawile">Mawile</span>'s Mawilite is reacting to the Key Stone!<br>The opposing <span class="battle-nickname-foe" title="Mawile">Mawile</span> has Mega Evolved into Mega Mawile!</small></div><div class="spacer battle-history"></div><div class="battle-history">The opposing <span class="battle-nickname-foe" title="Mawile-Mega">Mawile</span> used <strong>Fire Fang</strong>!</div><div class="battle-history"><small>It's not very effective... <br></small><small><span class="battle-nickname" title="Garchomp">Zygarde sux</span> lost <abbr title="−70/357">19.6%</abbr> of its health!</small><br></div><div class="battle-history"><small>[<span class="battle-nickname" title="Garchomp">Zygarde sux</span>'s Rough Skin!]</small></div><div class="battle-history"><small>The opposing <span class="battle-nickname-foe" title="Mawile-Mega">Mawile</span> was hurt! </small></div><div class="battle-history"><small><span class="battle-nickname" title="Garchomp">Zygarde sux</span> was burned!</small></div><div class="spacer battle-history"></div><div class="battle-history"><small><span class="battle-nickname" title="Garchomp">Zygarde sux</span> was hurt by its burn! </small></div><h2 class="battle-history">Turn 17</h2><div class="chat message-error">anne3 has 135 seconds left.</div><div class="chat message-error">anne3 has 120 seconds left.</div><div class="spacer battle-history"></div><div class="battle-history"><span class="battle-nickname" title="Garchomp">Zygarde sux</span> used <strong>Earthquake</strong>!</div><div class="battle-history"><small>It's super effective! <br></small><small>The opposing <span class="battle-nickname-foe" title="Mawile-Mega">Mawile</span> lost 50% of its health!</small><br></div><div class="spacer battle-history"></div><div class="battle-history">The opposing <span class="battle-nickname-foe" title="Mawile-Mega">Mawile</span> used <strong>Play Rough</strong>!</div><div class="battle-history"><small>It's super effective! <br></small><small><span class="battle-nickname" title="Garchomp">Zygarde sux</span> lost <abbr title="−221/357">61.9%</abbr> of its health!</small><br></div><div class="battle-history"><small>[<span class="battle-nickname" title="Garchomp">Zygarde sux</span>'s Rough Skin!]</small></div><div class="battle-history"><small>The opposing <span class="battle-nickname-foe" title="Mawile-Mega">Mawile</span> was hurt! </small></div><div class="spacer battle-history"></div><div class="battle-history"><span class="battle-nickname" title="Garchomp">Zygarde sux</span> fainted!</div><div class="spacer battle-history"></div><div class="battle-history"><small>The weirdness disappeared from the battlefield!</small></div><div class="spacer battle-history"></div><div class="battle-history">Go! <span class="battle-nickname" title="Scizor-Mega">Swords Dance <small>(Scizor-Mega)</small></span>!</div><div class="battle-history"><small>Pointed stones dug into <span class="battle-nickname" title="Scizor-Mega">Swords Dance</span>! </small></div><h2 class="battle-history">Turn 18</h2><div class="spacer battle-history"></div><div class="battle-history"><span class="battle-nickname" title="Scizor-Mega">Swords Dance</span> used <strong>Bullet Punch</strong>!</div><div class="battle-history"><small>The opposing <span class="battle-nickname-foe" title="Mawile-Mega">Mawile</span> lost 20% of its health!</small><br></div><div class="spacer battle-history"></div><div class="battle-history">The opposing <span class="battle-nickname-foe" title="Mawile-Mega">Mawile</span> fainted!</div><div class="spacer battle-history"></div><div class="battle-history">anne3 sent out <span class="battle-nickname-foe" title="Landorus-Therian">Landorus <small>(Landorus-Therian)</small></span>!</div><div class="battle-history"><small>Pointed stones dug into the opposing <span class="battle-nickname-foe" title="Landorus-Therian">Landorus</span>! </small></div><div class="battle-history"><small>[Opposing <span class="battle-nickname-foe" title="Landorus-Therian">Landorus</span>'s Intimidate!]</small></div><div class="battle-history"><small><span class="battle-nickname" title="Scizor-Mega">Swords Dance</span>'s Attack fell! </small></div><h2 class="battle-history">Turn 19</h2><div class="spacer battle-history"></div><div class="battle-history"><span class="battle-nickname" title="Scizor-Mega">Swords Dance</span>, come back!</div><div class="battle-history">Go! <span class="battle-nickname" title="Ferrothorn">Whips don't lie <small>(Ferrothorn)</small></span>!</div><div class="battle-history"><small>Pointed stones dug into <span class="battle-nickname" title="Ferrothorn">Whips don't lie</span>! </small></div><div class="spacer battle-history"></div><div class="battle-history">The opposing <span class="battle-nickname-foe" title="Landorus-Therian">Landorus</span> used <strong>Earthquake</strong>!</div><div class="battle-history"><small><span class="battle-nickname" title="Ferrothorn">Whips don't lie</span> lost <abbr title="−88/352">25%</abbr> of its health!</small><br></div><div class="spacer battle-history"></div><div class="battle-history"><span class="battle-nickname" title="Ferrothorn">Whips don't lie</span> fainted!</div><div class="spacer battle-history"></div><div class="battle-history">Go! <span class="battle-nickname" title="Zapdos">Bodak Yellow <small>(Zapdos)</small></span>!</div><div class="battle-history"><small>Pointed stones dug into <span class="battle-nickname" title="Zapdos">Bodak Yellow</span>! </small></div><h2 class="battle-history">Turn 20</h2><div class="spacer battle-history"></div><div class="battle-history">anne3 withdrew <span class="battle-nickname-foe" title="Landorus-Therian">Landorus <small>(Landorus-Therian)</small></span>!</div><div class="battle-history">anne3 sent out Chansey!</div><div class="battle-history"><small>Pointed stones dug into the opposing <span class="battle-nickname-foe" title="Chansey">Chansey</span>! </small></div><div class="spacer battle-history"></div><div class="battle-history"><span class="battle-nickname" title="Zapdos">Bodak Yellow</span> used <strong>Defog</strong>!</div><div class="battle-history"><small>The opposing <span class="battle-nickname-foe" title="Chansey">Chansey</span>'s evasiveness fell! </small></div><div class="battle-history"><small>The pointed stones disappeared from around the opposing team!</small></div><div class="battle-history"><small>The pointed stones disappeared from around your team!</small></div><div class="spacer battle-history"></div><div class="battle-history"><small><span class="battle-nickname" title="Zapdos">Bodak Yellow</span> restored a little HP using its Leftovers!</small></div><h2 class="battle-history">Turn 21</h2><div class="chat message-error">anne3 has 135 seconds left.</div><div class="spacer battle-history"></div><div class="battle-history"><span class="battle-nickname" title="Zapdos">Bodak Yellow</span>, come back!</div><div class="battle-history">Go! <span class="battle-nickname" title="Scizor-Mega">Swords Dance <small>(Scizor-Mega)</small></span>!</div><div class="spacer battle-history"></div><div class="battle-history">The opposing <span class="battle-nickname-foe" title="Chansey">Chansey</span> used <strong>Stealth Rock</strong>!</div><div class="battle-history"><small>Pointed stones float in the air around your team!</small></div><h2 class="battle-history">Turn 22</h2><div class="chat message-error">anne3 has 135 seconds left.</div><div class="spacer battle-history"></div><div class="battle-history">anne3 withdrew Chansey!</div><div class="battle-history">anne3 sent out <span class="battle-nickname-foe" title="Landorus-Therian">Landorus <small>(Landorus-Therian)</small></span>!</div><div class="battle-history"><small>[Opposing <span class="battle-nickname-foe" title="Landorus-Therian">Landorus</span>'s Intimidate!]</small></div><div class="battle-history"><small><span class="battle-nickname" title="Scizor-Mega">Swords Dance</span>'s Attack fell! </small></div><div class="spacer battle-history"></div><div class="battle-history"><span class="battle-nickname" title="Scizor-Mega">Swords Dance</span> used <strong>Knock Off</strong>!</div><div class="battle-history"><small>The opposing <span class="battle-nickname-foe" title="Landorus-Therian">Landorus</span> lost 21% of its health!</small><br></div><h2 class="battle-history">Turn 23</h2><div class="spacer battle-history"></div><div class="battle-history"><span class="battle-nickname" title="Scizor-Mega">Swords Dance</span>, come back!</div><div class="battle-history">Go! <span class="battle-nickname" title="Zapdos">Bodak Yellow <small>(Zapdos)</small></span>!</div><div class="battle-history"><small>Pointed stones dug into <span class="battle-nickname" title="Zapdos">Bodak Yellow</span>! </small></div><div class="spacer battle-history"></div><div class="battle-history">The opposing <span class="battle-nickname-foe" title="Landorus-Therian">Landorus</span> used <strong>Knock Off</strong>!</div><div class="battle-history"><small><span class="battle-nickname" title="Zapdos">Bodak Yellow</span> lost <abbr title="−121/383">31.6%</abbr> of its health!</small><br></div><div class="battle-history"><small>[<span class="battle-nickname" title="Zapdos">Bodak Yellow</span>'s Static!]</small></div><div class="battle-history"><small>The opposing <span class="battle-nickname-foe" title="Landorus-Therian">Landorus</span> is paralyzed! It may be unable to move!</small></div><div class="battle-history"><small>The opposing <span class="battle-nickname-foe" title="Landorus-Therian">Landorus</span> knocked off <span class="battle-nickname" title="Zapdos">Bodak Yellow</span>'s Leftovers!</small></div><h2 class="battle-history">Turn 24</h2><div class="chat message-error">anne3 has 135 seconds left.</div><div class="spacer battle-history"></div><div class="battle-history"><span class="battle-nickname" title="Zapdos">Bodak Yellow</span> used <strong>Defog</strong>!</div><div class="battle-history"><small>The opposing <span class="battle-nickname-foe" title="Landorus-Therian">Landorus</span>'s evasiveness fell! </small></div><div class="battle-history"><small>The pointed stones disappeared from around your team!</small></div><div class="spacer battle-history"></div><div class="battle-history">The opposing <span class="battle-nickname-foe" title="Landorus-Therian">Landorus</span> used <strong>Earthquake</strong>!</div><div class="battle-history"><small>It doesn't affect <span class="battle-nickname" title="Zapdos">Bodak Yellow</span>... </small></div><h2 class="battle-history">Turn 25</h2><div class="chat message-error">anne3 has 135 seconds left.</div><div class="spacer battle-history"></div><div class="battle-history">anne3 withdrew <span class="battle-nickname-foe" title="Landorus-Therian">Landorus <small>(Landorus-Therian)</small></span>!</div><div class="battle-history">anne3 sent out Tapu Lele!</div><div class="battle-history"><small>[Opposing <span class="battle-nickname-foe" title="Tapu Lele">Tapu Lele</span>'s Psychic Surge!]</small></div><div class="battle-history"><small>The battlefield got weird!</small></div><div class="spacer battle-history"></div><div class="battle-history"><span class="battle-nickname" title="Zapdos">Bodak Yellow</span> used <strong>Heat Wave</strong>!</div><div class="battle-history"><small>The opposing <span class="battle-nickname-foe" title="Tapu Lele">Tapu Lele</span> lost 28% of its health!</small><br></div><h2 class="battle-history">Turn 26</h2><div class="chat message-error">anne3 has 135 seconds left.</div><div class="spacer battle-history"></div><div class="battle-history">The opposing <span class="battle-nickname-foe" title="Tapu Lele">Tapu Lele</span> used <strong>Psychic</strong>!</div><div class="battle-history"><small><span class="battle-nickname" title="Zapdos">Bodak Yellow</span> lost <abbr title="−95/383">24.8%</abbr> of its health!</small><br></div><div class="spacer battle-history"></div><div class="battle-history"><span class="battle-nickname" title="Zapdos">Bodak Yellow</span> fainted!</div><div class="spacer battle-history"></div><div class="battle-history">Go! <span class="battle-nickname" title="Scizor-Mega">Swords Dance <small>(Scizor-Mega)</small></span>!</div><h2 class="battle-history">Turn 27</h2><div class="spacer battle-history"></div><div class="battle-history">The opposing <span class="battle-nickname-foe" title="Tapu Lele">Tapu Lele</span> used <strong>Psychic</strong>!</div><div class="battle-history"><small>It's not very effective... <br></small><small><span class="battle-nickname" title="Scizor-Mega">Swords Dance</span> lost <abbr title="−122/344">35.5%</abbr> of its health!</small><br></div><div class="spacer battle-history"></div><div class="battle-history"><span class="battle-nickname" title="Scizor-Mega">Swords Dance</span> used <strong>Swords Dance</strong>!</div><div class="battle-history"><small><span class="battle-nickname" title="Scizor-Mega">Swords Dance</span>'s Attack rose sharply! </small></div><h2 class="battle-history">Turn 28</h2><div class="spacer battle-history"></div><div class="battle-history">The opposing <span class="battle-nickname-foe" title="Tapu Lele">Tapu Lele</span> used <strong>Psychic</strong>!</div><div class="battle-history"><small>It's not very effective... <br></small><small><span class="battle-nickname" title="Scizor-Mega">Swords Dance</span> lost <abbr title="−123/344">35.8%</abbr> of its health!</small><br></div><div class="spacer battle-history"></div><div class="battle-history"><span class="battle-nickname" title="Scizor-Mega">Swords Dance</span> used <strong>Roost</strong>!</div><div class="battle-history"><small><span class="battle-nickname" title="Scizor-Mega">Swords Dance</span> restored its HP.</small></div><h2 class="battle-history">Turn 29</h2><div class="spacer battle-history"></div><div class="battle-history">anne3 withdrew Tapu Lele!</div><div class="battle-history">anne3 sent out <span class="battle-nickname-foe" title="Landorus-Therian">Landorus <small>(Landorus-Therian)</small></span>!</div><div class="battle-history"><small>[Opposing <span class="battle-nickname-foe" title="Landorus-Therian">Landorus</span>'s Intimidate!]</small></div><div class="battle-history"><small><span class="battle-nickname" title="Scizor-Mega">Swords Dance</span>'s Attack fell! </small></div><div class="spacer battle-history"></div><div class="battle-history"><span class="battle-nickname" title="Scizor-Mega">Swords Dance</span> used <strong>Roost</strong>!</div><div class="battle-history"><small><span class="battle-nickname" title="Scizor-Mega">Swords Dance</span> restored its HP.</small></div><div class="spacer battle-history"></div><div class="battle-history"><small>The weirdness disappeared from the battlefield!</small></div><h2 class="battle-history">Turn 30</h2><div class="chat message-error">anne3 has 135 seconds left.</div><div class="spacer battle-history"></div><div class="battle-history">anne3 withdrew <span class="battle-nickname-foe" title="Landorus-Therian">Landorus <small>(Landorus-Therian)</small></span>!</div><div class="battle-history">anne3 sent out Tapu Lele!</div><div class="battle-history"><small>[Opposing <span class="battle-nickname-foe" title="Tapu Lele">Tapu Lele</span>'s Psychic Surge!]</small></div><div class="battle-history"><small>The battlefield got weird!</small></div><div class="spacer battle-history"></div><div class="battle-history"><span class="battle-nickname" title="Scizor-Mega">Swords Dance</span> used <strong>Bullet Punch</strong>!</div><div class="battle-history"><small>The opposing <span class="battle-nickname-foe" title="Tapu Lele">Tapu Lele</span> surrounds itself with psychic terrain!</small></div><h2 class="battle-history">Turn 31</h2><div class="spacer battle-history"></div><div class="battle-history">anne3 withdrew Tapu Lele!</div><div class="battle-history">anne3 sent out <span class="battle-nickname-foe" title="Landorus-Therian">Landorus <small>(Landorus-Therian)</small></span>!</div><div class="battle-history"><small>[Opposing <span class="battle-nickname-foe" title="Landorus-Therian">Landorus</span>'s Intimidate!]</small></div><div class="battle-history"><small><span class="battle-nickname" title="Scizor-Mega">Swords Dance</span>'s Attack fell! </small></div><div class="spacer battle-history"></div><div class="battle-history"><span class="battle-nickname" title="Scizor-Mega">Swords Dance</span>, come back!</div><div class="battle-history">Go! <span class="battle-nickname" title="Greninja">Flexicution <small>(Greninja)</small></span>!</div><h2 class="battle-history">Turn 32</h2><div class="spacer battle-history"></div><div class="battle-history">anne3 withdrew <span class="battle-nickname-foe" title="Landorus-Therian">Landorus <small>(Landorus-Therian)</small></span>!</div><div class="battle-history">anne3 sent out Chansey!</div><div class="spacer battle-history"></div><div class="battle-history"><span class="battle-nickname" title="Greninja">Flexicution</span> used <strong>Hydro Pump</strong>!</div><div class="battle-history"><small>The opposing <span class="battle-nickname-foe" title="Chansey">Chansey</span> lost 17% of its health!</small><br></div><h2 class="battle-history">Turn 33</h2><div class="chat message-error">anne3 has 135 seconds left.</div><div class="spacer battle-history"></div><div class="battle-history"><span class="battle-nickname" title="Greninja">Flexicution</span>, come back!</div><div class="battle-history">Go! <span class="battle-nickname" title="Scizor-Mega">Swords Dance <small>(Scizor-Mega)</small></span>!</div><div class="spacer battle-history"></div><div class="battle-history">The opposing <span class="battle-nickname-foe" title="Chansey">Chansey</span> used <strong>Stealth Rock</strong>!</div><div class="battle-history"><small>Pointed stones float in the air around your team!</small></div><h2 class="battle-history">Turn 34</h2><div class="spacer battle-history"></div><div class="battle-history">anne3 withdrew Chansey!</div><div class="battle-history">anne3 sent out Eelektross!</div><div class="spacer battle-history"></div><div class="battle-history"><span class="battle-nickname" title="Scizor-Mega">Swords Dance</span> used <strong>Swords Dance</strong>!</div><div class="battle-history"><small><span class="battle-nickname" title="Scizor-Mega">Swords Dance</span>'s Attack rose sharply! </small></div><div class="spacer battle-history"></div><div class="battle-history"><small>The weirdness disappeared from the battlefield!</small></div><h2 class="battle-history">Turn 35</h2><div class="chat message-error">anne3 has 135 seconds left.</div><div class="spacer battle-history"></div><div class="battle-history"><span class="battle-nickname" title="Scizor-Mega">Swords Dance</span> used <strong>Bullet Punch</strong>!</div><div class="battle-history"><small>It's not very effective... <br></small><small>The opposing <span class="battle-nickname-foe" title="Eelektross">Eelektross</span> lost 10% of its health!</small><br></div><div class="spacer battle-history"></div><div class="battle-history">The opposing <span class="battle-nickname-foe" title="Eelektross">Eelektross</span> fainted!</div><div class="spacer battle-history"></div><div class="battle-history">anne3 sent out Tapu Lele!</div><div class="battle-history"><small>[Opposing <span class="battle-nickname-foe" title="Tapu Lele">Tapu Lele</span>'s Psychic Surge!]</small></div><div class="battle-history"><small>The battlefield got weird!</small></div><h2 class="battle-history">Turn 36</h2><div class="spacer battle-history"></div><div class="battle-history">anne3 withdrew Tapu Lele!</div><div class="battle-history">anne3 sent out <span class="battle-nickname-foe" title="Landorus-Therian">Landorus <small>(Landorus-Therian)</small></span>!</div><div class="battle-history"><small>[Opposing <span class="battle-nickname-foe" title="Landorus-Therian">Landorus</span>'s Intimidate!]</small></div><div class="battle-history"><small><span class="battle-nickname" title="Scizor-Mega">Swords Dance</span>'s Attack fell! </small></div><div class="spacer battle-history"></div><div class="battle-history"><span class="battle-nickname" title="Scizor-Mega">Swords Dance</span> used <strong>Knock Off</strong>!</div><div class="battle-history"><small>The opposing <span class="battle-nickname-foe" title="Landorus-Therian">Landorus</span> lost 51% of its health!</small><br></div><h2 class="battle-history">Turn 37</h2><div class="chat message-error">anne3 has 135 seconds left.</div><div class="spacer battle-history"></div><div class="battle-history"><span class="battle-nickname" title="Scizor-Mega">Swords Dance</span> used <strong>Bullet Punch</strong>!</div><div class="battle-history"><small>The opposing <span class="battle-nickname-foe" title="Landorus-Therian">Landorus</span> lost 16% of its health!</small><br></div><div class="spacer battle-history"></div><div class="battle-history">The opposing <span class="battle-nickname-foe" title="Landorus-Therian">Landorus</span> fainted!</div><div class="spacer battle-history"></div><div class="battle-history">anne3 sent out Chansey!</div><h2 class="battle-history">Turn 38</h2><div class="spacer battle-history"></div><div class="battle-history"><span class="battle-nickname" title="Scizor-Mega">Swords Dance</span> used <strong>Swords Dance</strong>!</div><div class="battle-history"><small><span class="battle-nickname" title="Scizor-Mega">Swords Dance</span>'s Attack rose sharply! </small></div><div class="spacer battle-history"></div><div class="battle-history">The opposing <span class="battle-nickname-foe" title="Chansey">Chansey</span> used <strong>Soft-Boiled</strong>!</div><div class="battle-history"><small>The opposing <span class="battle-nickname-foe" title="Chansey">Chansey</span> restored its HP.</small></div><h2 class="battle-history">Turn 39</h2><div class="spacer battle-history"></div><div class="battle-history"><span class="battle-nickname" title="Scizor-Mega">Swords Dance</span> used <strong>Swords Dance</strong>!</div><div class="battle-history"><small><span class="battle-nickname" title="Scizor-Mega">Swords Dance</span>'s Attack rose sharply! </small></div><div class="spacer battle-history"></div><div class="battle-history">The opposing <span class="battle-nickname-foe" title="Chansey">Chansey</span> used <strong>Seismic Toss</strong>!</div><div class="battle-history"><small><span class="battle-nickname" title="Scizor-Mega">Swords Dance</span> lost <abbr title="−100/344">29.1%</abbr> of its health!</small><br></div><h2 class="battle-history">Turn 40</h2><div class="spacer battle-history"></div><div class="battle-history"><span class="battle-nickname" title="Scizor-Mega">Swords Dance</span> used <strong>Knock Off</strong>!</div><div class="battle-history"><small>The opposing <span class="battle-nickname-foe" title="Chansey">Chansey</span> lost 99% of its health!</small><br></div><div class="battle-history"><small><span class="battle-nickname" title="Scizor-Mega">Swords Dance</span> knocked off the opposing <span class="battle-nickname-foe" title="Chansey">Chansey</span>'s Eviolite!</small></div><div class="spacer battle-history"></div><div class="battle-history">The opposing <span class="battle-nickname-foe" title="Chansey">Chansey</span> fainted!</div><div class="spacer battle-history"></div><div class="battle-history"><small>The weirdness disappeared from the battlefield!</small></div><div class="spacer battle-history"></div><div class="battle-history">anne3 sent out Tapu Lele!</div><div class="battle-history"><small>[Opposing <span class="battle-nickname-foe" title="Tapu Lele">Tapu Lele</span>'s Psychic Surge!]</small></div><div class="battle-history"><small>The battlefield got weird!</small></div><h2 class="battle-history">Turn 41</h2><div class="chat message-error">anne3 has 135 seconds left.</div><div class="chat message-error">anne3 has 120 seconds left.</div><div class="chat message-error">anne3 has 105 seconds left.</div><div class="spacer battle-history"></div><div class="battle-history">The opposing <span class="battle-nickname-foe" title="Tapu Lele">Tapu Lele</span> used <strong>Thunderbolt</strong>!</div><div class="battle-history"><small><span class="battle-nickname" title="Scizor-Mega">Swords Dance</span> lost <abbr title="−115/344">33.4%</abbr> of its health!</small><br></div><div class="spacer battle-history"></div><div class="battle-history"><span class="battle-nickname" title="Scizor-Mega">Swords Dance</span> used <strong>Knock Off</strong>!</div><div class="battle-history"><small>The opposing <span class="battle-nickname-foe" title="Tapu Lele">Tapu Lele</span> lost 60% of its health!</small><br></div><div class="battle-history"><small><span class="battle-nickname" title="Scizor-Mega">Swords Dance</span> knocked off the opposing <span class="battle-nickname-foe" title="Tapu Lele">Tapu Lele</span>'s Choice Scarf!</small></div><div class="spacer battle-history"></div><div class="battle-history">The opposing <span class="battle-nickname-foe" title="Tapu Lele">Tapu Lele</span> fainted!</div><div class="spacer battle-history"></div><div class="battle-history">ass grabbin won the battle!</div><div class="chat">Ladder updating...</div><div class="chat">ass grabbin's rating: 1758 → <strong>1767</strong><br>(+9 for winning)</div><div class="chat">anne3's rating: 1546 → <strong>1537</strong><br>(-9 for losing)</div><div class="chat"><small>☆anne3 left.</small></div></div></div>
</div>
<script>
var daily = Math.floor(Date.now()/1000/60/60/24);document.write('<script src="https://play.pokemonshowdown.com/js/replay-embed.js?version'+daily+'"></'+'script>');
</script>
